3250 5256
436 389 515 480 530
758 413 793 474 P
813 413 935 470 oxion
954 411 1119 472 nssonts

350 496 522 626 Inachis
539 545 635 614 ante
653 547 785 613 torum
794 530 975 660 ,pompei
995 529 1192 612 comitato
1210 555 1412 622 suorum,

350 649 442 738 Aut
458 647 590 738 stetit,
608 660 682 724 aut
700 671 798 724 osso
815 657 898 728 est:
916 643 1078 723 inerunt
1097 639 1261 722 lunaria
1270 641 1422 749 fronti

355 759 534 864 Cornua,
555 783 649 839 oum
668 754 797 863 specis
817 751 953 836 nitido
957 749 1215 865 flaventibus
1235 783 1362 853 auro,

352 871 415 959 Et
432 869 572 981 regale
590 869 734 964 decus;
727 895 847 949 ·ouns
866 895 949 976 qua
968 866 1144 945 latrator
1159 865 1356 959 Anubis,

350 987 587 1092 Sanctaque
605 980 824 1072 bubastis,
842 979 1068 1086 variusque
1085 976 1292 1058 coloribus
1312 977 1445 1086 Apis:
1480 975 1552 1094 690
1620 953 1621 1070 i

356 1093 519 1204 Quique
532 1092 678 1202 premit
697 1119 855 1184 vocem,
873 1087 1088 1202 digitoque
1106 1090 1274 1170 silentia
1292 1089 1470 1187 suadet,-

352 1205 567 1316 Sistraque
585 1218 701 1286 erant
709 1229 1027 1312 ,nunquamque
1044 1201 1150 1282 sotis
1145 1205 1385 1330 qtiaesstus
1407 1183 1621 1302 Osiris,
1620 1239 1621 1254 ι

351 1315 564 1434 Plenaque
580 1265 795 1426 somniferi
810 1340 975 1430 serpens
988 1313 1207 1425 peregrino
1225 1316 1394 1402 ueneni

405 1946 469 1999 686.
489 1937 609 1996 boschis.
632 1939 702 2010 Ifis,
721 1955 759 1994 ex
778 1939 811 1992 io
841 1935 942 1992 tnaebi
951 1936 1036 2011 filia,
1058 1945 1089 1991 ut
1108 1933 1156 1991 lib.
1179 1957 1203 1992 ι.
1225 1955 1253 1992 o.
1276 1955 1342 2010 7²9·
1363 1940 1468 2006 Hanc,
1488 1939 1568 2014 inquit

355 2035 499 2096 Diodorus
519 2033 566 2087 lib.
590 2053 613 2088 ι.
632 2032 686 2086 alii
704 2031 828 2095 isidem,
860 2029 913 2083 niii
935 2031 1077 2094 Cererem,
1109 2036 1139 2082 et
1171 2027 1447 2102 Thesmophorum,
1469 2031 1569 2084 Lunnn
1620 2015 1621 2104 i

356 2127 422 2194 alii,
442 2125 571 2179 nonnulli
589 2127 755 2180 lunonem:
782 2131 939 2194 opportune
970 2123 1068 2194 itaque
1091 2119 1175 2174 adest
1194 2122 1389 2192 parturienti,
1410 2130 1441 2176 et
1460 2125 1491 2175 in
1510 2138 1570 2176 son·
1620 2107 1621 2136 ¹

353 2219 407 2272 nis.
426 2214 566 2290 Namque,
587 2223 618 2268 ut
637 2212 739 2267 ibidem
755 2210 914 2278 Diodorus,
937 2213 966 2264 in
986 2211 1092 2269 somnis
1111 2207 1275 2288 opitulatur
1294 2227 1424 2286 eosquos
1444 2211 1572 2269 censuerit
1620 2279 1621 2306 1

353 2305 466 2379 dignas.

414 2405 480 2470 687.
496 2391 626 2454 bonoria.
647 2391 733 2450 Isidis
751 2391 955 2447 simulachrum
982 2390 1116 2448 muliebre
1134 2400 1199 2446 erat
1221 2399 1385 2452 cornutum.
1408 2392 1568 2449 Herodotus

357 2491 386 2545 in
406 2491 542 2560 Euterpe.
564 2481 717 2538 colebatur
736 2492 833 2536 eutem
853 2483 908 2536 tsis
926 2481 977 2536 sub
996 2483 1089 2556 specie
1108 2479 1193 2547 bovis,
1211 2482 1295 2556 cup'us
1314 2481 1568 2556 corniculatesar·

358 2602 404 2638 nia
425 2579 545 2654 resciret
566 2579 675 2631 Lunam
687 2599 697 2643 3
722 2584 753 2630 ut
783 2583 811 2630 et
832 2575 921 2630 Osiris
940 2574 991 2629 sub
1010 2575 1103 2648 specie
1132 2571 1232 2640 bovis,
1256 2575 1342 2649 cujus
1362 2593 1480 2631 corneus
1498 2575 1573 2648 pleno

356 2673 425 2732 orbe
444 2671 579 2728 coi'untia
599 2675 847 2742 repraesentarent
868 2667 972 2720 Solem.
997 2665 1058 2720 Atti
1076 2675 1231 2721 autumant
1249 2685 1302 2740 per
1325 2685 1449 2724 uaccam
1469 2669 1526 2724 Isin
1544 2669 1572 2718 si·

354 2763 487 2840 gnifiruri
507 2765 662 2838 AEgpptum
683 2760 773 2826 Osiri,
793 2758 823 2812 id
843 2768 906 2826 est,
926 2757 989 2814 Soli
1006 2761 1194 2836 suppositam,
1214 2757 1258 2820 vel
1277 2761 1374 2828 Osiri,
1395 2760 1431 2814 id
1450 2769 1495 2816 est
1517 2757 1575 2816 lida

353 2853 532 2914 inundatum.

420 2945 484 2996 688.
504 2939 573 2993 Com
594 2935 686 3016 spicis.
705 2941 759 2996 Est
781 2937 835 2994 tsis
844 2973 855 3001 ,
881 2955 957 3011 quae
977 2937 1089 2993 Graeca
1117 2935 1217 3013 lingua
1241 2935 1350 2997 dicitur
1369 2929 1573 3029 Anptiznpdl

357 3039 420 3094 est,
441 3031 535 3082 Ceres.
1620 3009 1621 3072 i

417 3127 482 3192 689.
496 3117 608 3194 Regale.
621 3115 762 3175 Diadema
775 3117 952 3172 corniculutu
955 3136 981 3172 m
994 3116 1037 3170 vel
1056 3118 1140 3174 etiem
1155 3113 1302 3190 aspidibus
1313 3114 1494 3184 redimitum,
1506 3135 1572 3191 rpus·

361 3229 423 3270 runs
442 3211 500 3266 duo
530 3210 700 3280 eriguntur,
720 3226 793 3280 qiioe
812 3209 922 3260 Lunam
946 3203 1085 3278 reserant.
1107 3205 1227 3260 Anubis.
1248 3208 1327 3262 Deus
1347 3197 1568 3298 κυνοκὲφιλκ,

361 3305 419 3358 siue
437 3300 486 3356 itte
506 3297 643 3373 significet
664 3305 787 3368 tempus,
808 3295 853 3351 oet
870 3297 1065 3360 Horieontem,
1084 3293 1130 3348 uel
1143 3293 1250 3359 Nilum
1264 3291 1307 3350 rel
1325 3295 1520 3362 Mercurium,
1537 3250 1574 3350 ud

359 3395 464 3447 Canem
484 3389 619 3454 stellam,
638 3405 685 3462 qut
682 3387 775 3440 'Solis
794 3403 920 3441 recessus
938 3396 966 3440 et
985 3386 1021 3440 Νι
1020 3385 1046 3439 ιι
1064 3386 1260 3443 inundationis
1279 3394 1395 3461 tempus
1415 3387 1542 3444 denotet.

418 3487 485 3552 69ι.
503 3479 625 3554 Quique.
641 3481 857 3551 Harpocrates,
876 3480 955 3533 Deus
973 3477 1097 3545 silentii,
1121 3479 1170 3553 qui
1190 3476 1284 3552 digito
1303 3481 1350 3533 ori
1368 3478 1494 3536 ndaiatn
1513 3483 1573 3536 tesi·

357 3575 503 3634 tusuitatis
523 3570 679 3646 symbolum
699 3579 750 3623 est.

413 3667 480 3735 692.
498 3661 641 3734 Sietrnqoe
662 3669 749 3718 erint.
762 3657 923 3732 Tympana.
942 3662 1019 3714 Erat
1037 3659 1109 3716 enim
1129 3657 1336 3732 crepitaculum
1348 3675 1484 3734 aemes,
1503 3659 1574 3734 eujus

357 3755 519 3828 agitatione
551 3752 672 3806 sonitum
692 3747 865 3813 reddebant,
884 3749 914 3802 in
933 3751 1010 3804 sacri
1029 3747 1114 3804 isidis
1132 3747 1267 3804 solemne·
1286 3747 1500 3824 Nunqnnmque
1518 3749 1575 3804 satis

361 3847 503 3921 quaesitus
526 3843 624 3900 Osiris.
646 3845 725 3898 Deus
743 3850 786 3896 est
805 3843 1002 3916 AEgrptiorum
1024 3839 1111 3900 isidis
1129 3843 1266 3898 moritus:
1286 3859 1369 3916 quem
1390 3843 1575 3918 singulisqui·

358 3938 465 4014 busque
485 3937 569 3990 annis
588 3936 721 4008 AEpyptii
742 3941 771 3987 et
788 3936 944 4000 amissum,
968 3938 1097 3990 inanimo
1129 3950 1192 3987 cuns
1224 3951 1354 3990 maerore
1376 3941 1573 4007 quaerunt,et

357 4034 499 4087 inventum
520 4030 730 4082 maximarum
761 4023 875 4080 laetitia
898 4035 1111 4101 persequuntur.
1123 4024 1190 4082 Non
1210 4033 1320 4086 tuntum
1342 4029 1454 4083 annuis
1472 4029 1573 4090 serris,

360 4117 412 4177 sed
431 4117 551 4192 singulis
572 4119 597 4170 is
616 4119 690 4170 ritus
708 4115 788 4188 opud
807 4117 958 4190 AEgyptios
977 4113 1237 4186 sacerdotessuit,
1257 4123 1288 4170 ut
1307 4132 1373 4170 cuin
1384 4117 1468 4190 stetu
1485 4115 1574 4192 prodi·
1620 4125 1621 4136 ¹

360 4219 433 4276 rent,
453 4226 519 4264 mon
541 4225 604 4264 euni
623 4207 736 4264 laetitio
751 4217 779 4262 et
791 4217 878 4264 cantu
898 4207 1041 4264 redirent:
1062 4209 1206 4262 imitantes
1225 4205 1277 4262 boc
1301 4207 1391 4263 Isidis
1411 4211 1572 4284 exemptum.

416 4305 480 4374 693.
500 4298 641 4374 Plenaque
655 4299 814 4360 somniferis
828 4301 952 4356 venenis.
962 4301 1049 4376 Aspis
1068 4300 1152 4374 cujus
1171 4315 1266 4353 morsu
1285 4297 1414 4356 homines
1435 4311 1574 4380 tumquain

361 4395 446 4469 sopiti
466 4393 635 4448 moriuntur.
656 4391 792 4466 Micyllus
810 4391 984 4448 crocodilum
1014 4391 1168 4466 intelligit,
1187 4389 1270 4464 cujus
1290 4409 1454 4450 sienenosus
1471 4407 1575 4450 morsus
1620 4411 1621 4484 ,

361 4481 538 4542 insanabilis.
560 4483 691 4558 Utroque
711 4485 854 4560 Egyptiis
873 4481 1020 4560 indigena,
1039 4481 1107 4540 aliis
1125 4481 1209 4538 terris
1228 4480 1394 4556 peregrina·
1620 4491 1621 4556 i
