3290 5260
388 327 467 384 210
721 303 1090 386 novmnnssorns

307 445 627 556 Consistnntqua
645 443 760 528 loco»
778 440 914 552 specie
931 453 1165 522 remanente
1187 436 1391 532 Coronae,
1439 433 1509 522 182

309 559 397 670 Qui
412 554 572 640 medius
592 557 768 667 nisique
817 582 897 635 euu
915 567 998 645 est,
1018 563 1278 666 anguemque
1297 551 1488 636 tenentis.

361 667 585 754 Daedalus
603 671 761 752 interea
861 680 929 746 teu
947 667 1200 856 lonpumque
1212 692 1401 776 perosus.

304 783 550 882 Exsilium,
570 800 790 895 tactusque
806 780 893 865 soli
908 793 1011 860 nata
1029 780 1068 860 is
1085 807 1243 878 numm,

309 896 488 981 Clausus
507 913 597 978 erat
610 896 778 1009 pelago.
805 893 958 976 Terras
976 891 1094 985 licet,
1112 893 1248 1002 inquit
1265 953 1276 988 ‚
1293 905 1334 970 et
1352 885 1495 971 undas

308 1011 522 1108 obstruat,
541 1026 586 1091 at
604 1010 769 1093 coelum
787 1006 898 1090 certe
911 1019 1050 1114 patet,·
1068 1003 1219 1086 ibimus
1235 999 1349 1086 illac.
1447 998 1520 1084 18ss

308 1120 463 1205 Omuiu
475 1120 710 1232 possideot;
728 1147 812 1202 non
819 1113 1009 1228 possidet
1027 1129 1129 1198 aeia
1148 1115 1309 1200 Minos.

310 1235 461 1332 Dixit,
480 1251 520 1315 et
537 1236 705 1346 rgrtotas
724 1233 913 1315 arsionum
931 1227 1105 1310 dimittit
1124 1231 1168 1311 iu
1187 1245 1316 1323 artes,

310 1345 597 1459 Naturamque
615 1363 766 1431 nouat:
786 1373 884 1425 neem
898 1342 1017 1451 ponit
1036 1343 1081 1422 iu
1100 1341 1246 1426 online
1259 1369 1437 1453 pennus,

373 2489 435 2542 ιω.
456 2477 513 2552 Qui
533 2475 643 2535 medius
655 2513 666 2543 ,
686 2485 740 2533 etc.
763 2479 894 2534 Coronae
913 2479 1003 2556 ydus
1022 2478 1147 2537 medium
1172 2497 1233 2538 esse
1253 2483 1319 2550 ait,
1350 2493 1379 2542 et
1400 2485 1467 2562 ejus
1487 2485 1535 2561 qui

307 2567 339 2634 ἰν
357 2563 465 2658 pluam
484 2573 504 2628 d
525 2568 644 2626 Graecis
661 2573 804 2635 matur,
820 2567 874 2626 hac
893 2578 958 2637 est,
978 2571 1008 2626 in
1026 2569 1165 2646 genibus,
1187 2579 1217 2628 et
1236 2571 1321 2648 ejus,
1340 2577 1390 2651 qui
1409 2583 1533 2632 vacatur

310 2662 487 2739 Ophiuchus,
504 2657 536 2716 id
554 2665 614 2726 est,
635 2674 760 2732 anguem
779 2665 887 2716 tenens.
914 2659 1062 2716 Videatur
1084 2659 1224 2736 Hyginus.
1248 2663 1380 2739 Anguem
1402 2666 1536 2724 tenentis.

312 2751 455 2829 Ophiuchi
470 2760 514 2808 est
534 2747 745 2822 interpretatio,
763 2751 813 2824 qui
830 2753 1021 2828 anguitenens
1040 2751 1062 2806 h
1081 2753 1189 2808 nostris
1206 2761 1339 2824 ematur,
1358 2764 1461 2812 tenens
1480 2775 1539 2812 nse·

310 2849 393 2905 nihus
412 2863 536 2922 anguem
555 2842 678 2900 medium
696 2858 801 2915 corpus
820 2841 883 2916 eius
903 2843 1109 2918 implicantem.

368 2937 437 2993 Fu.
459 2937 515 2994 111.
527 2933 595 3009 Arg.
615 2928 767 2988 Daedalus
785 2933 906 2988 interea.
927 2931 1068 2991 Daedalus
1091 2931 1276 2994 Atheniensis
1296 2934 1447 3014 Eupalami
1466 2935 1540 2994 lilius

311 3049 377 3088 curn
396 3022 498 3083 Telum
518 3022 623 3080 sororis
643 3017 732 3078 lilium
750 3021 873 3099 optimae
894 3021 997 3081 indolis
1020 3025 1155 3102 juveneta
1167 3043 1219 3102 par
1237 3022 1395 3096 insidiam,
1415 3027 1495 3103 quad
1514 3039 1543 3084 et

311 3139 440 3187 semin,
459 3128 490 3176 et
508 3115 645 3176 circinum
665 3109 840 3182 invenisset,
859 3115 1034 3174 interemisse
1054 3115 1216 3187 diceretur,
1235 3117 1335 3196 judicii
1354 3132 1492 3178 eventurn
1512 3119 1543 3178 ti·

311 3232 411 3284 nens,
430 3209 459 3266 in
478 3211 594 3268 Cretam
613 3203 737 3285 aufugit:
757 3207 820 3283 ejus
839 3225 907 3265 vern
920 3225 1007 3286 opera
1025 3219 1055 3266 et
1074 3207 1211 3289 Pasiphsh
1230 3211 1260 3268 in
1280 3210 1375 3288 lignea
1394 3231 1482 3270 sacca
1503 3211 1543 3268 in·

315 3306 394 3364 clusa
413 3322 478 3362 cuna
499 3312 578 3359 tauro
598 3297 701 3366 coivit,
732 3308 763 3355 et
782 3297 925 3358 Ariadnae
945 3298 1087 3358 Theseum
1111 3302 1245 3364 amavit.
1263 3304 1343 3378 Quae
1363 3322 1431 3363 cum
1451 3303 1542 3362 Minos

313 3396 491 3464 rescivisset,
511 3390 640 3450 illumin
661 3387 871 3467 labyrinthum
900 3411 956 3450 uns
976 3409 1042 3450 cuna
1062 3393 1142 3452 Icaro
1160 3392 1220 3454 filio
1239 3395 1375 3472 conjecit.
1396 3395 1541 3454 Daedalus

312 3507 382 3549 vern
400 3483 516 3564 ingenio
535 3479 660 3563 pollens,
682 3497 790 3560 pennas
809 3479 895 3540 adse
916 3482 984 3540 nerii
997 3482 1109 3560 generis
1128 3485 1224 3544 afferri
1243 3486 1365 3554 curavit,
1384 3486 1543 3562 exquibus

314 3592 344 3639 et
363 3579 417 3638 sibi
436 3589 466 3638 st
486 3573 545 3634 lilio
561 3573 621 3634 ales
639 3573 784 3644 coniecit,
805 3575 900 3651 itaque
921 3575 1051 3652 aptavit,
1073 3587 1106 3634 nt
1123 3577 1219 3635 avium
1239 3597 1317 3637 more
1336 3579 1352 3635 h
1372 3581 1459 3635 Creta
1478 3599 1543 3637 esc·

314 3674 409 3732 larint.
422 3669 465 3731 hc
484 3667 627 3728 Daedalus
656 3665 773 3744 quidem
804 3687 862 3742 qun
883 3665 996 3735 valuit,
1020 3666 1171 3727 incolumis
1191 3672 1459 3748 pervenit,1carus
1479 3689 1544 3729 varo

316 3766 404 3846 patris
425 3761 624 3821 mandatorum
653 3757 815 3838 neglector,
840 3779 907 3816 cum
939 3756 1023 3817 altius
1042 3779 1130 3838 qnam
1149 3773 1229 3841 pater
1249 3763 1361 3820 evolare
1381 3763 1541 3842 gauderet,

313 3857 442 3917 resolutis
461 3854 553 3914 calore
576 3851 691 3932 munis,
710 3851 740 3910 in
760 3871 837 3910 mare
853 3849 972 3920 cecidit,
984 3851 1063 3930 qnod
1081 3853 1119 3911 ab
1138 3873 1173 3913 eo
1192 3855 1327 3924 Icarium,
1346 3877 1383 3914 ex
1401 3854 1543 3916 sententia

316 3946 415 4008 Ovidii
435 3945 489 4005 tuit
508 3943 748 4022 cognominatum.

376 4039 439 4096 1³⁵.
462 4037 591 4095 Clausus.
610 4039 699 4092 Creta
715 4033 804 4092 insul.
825 4037 920 4092 cincta
939 4037 1254 4095 auriliacensium
1272 4037 1408 4096 custodia
1431 4039 1545 4096 clausus

317 4127 506 4204 perhibetur,
526 4135 586 4183 tum
605 4127 676 4204 quia
696 4124 860 4202 Pasiphaes
878 4145 993 4186 amores
1011 4137 1204 4203 promoverat,
1216 4137 1276 4186 tuus
1296 4127 1374 4205 quael
1392 4127 1542 4186 Ariadnae

315 4230 345 4277 et
367 4221 475 4277 Thesea
493 4217 652 4294 labyrinthi
672 4218 797 4294 uestigia
815 4227 845 4275 et
864 4225 961 4278 esitus
980 4227 1139 4280 retexerat·

378 4315 440 4384 189.
461 4309 664 4386 Naturamque.
686 4305 849 4365 Novitatem
867 4311 899 4364 in
921 4321 1031 4374 natura
1058 4311 1230 4388 recogitat:
1250 4318 1388 4389 negatum
1408 4313 1471 4370 scil.
1488 4325 1538 4386 per

320 4407 394 4462 «ἕνα
415 4406 492 4472 iter,
511 4405 611 4484 pesinis
629 4419 685 4460 non
706 4397 811 4458 homini
829 4399 919 4461 datis.
