3254 5262
360 283 436 371 136
693 309 726 369 u.
747 308 1056 370 ov1o11ussosus

273 428 476 544 Confugis
494 430 699 532 amissae,
718 429 907 513 lacrimis
925 427 987 512 ita
994 430 1121 538 fatur
1136 427 1313 513 ohortise

269 545 365 626 Hoc
384 574 467 644 me,
486 561 583 626 nate
601 543 718 642 Deci,
738 541 865 656 (quis
877 544 1013 652 possit
1033 539 1198 626 credere
1212 533 1270 652 ?)
1290 535 1415 623 tehrm

270 651 392 740 Flere
401 658 537 766 facit,
548 658 767 767 facietque
787 657 883 756 diu,
902 657 944 738 si
960 657 1097 742 uz'uere
1115 655 1235 736 nohis
1400 647 1477 764 691

269 773 317 857 F
310 787 382 852 aio
401 770 476 852 (liu
499 768 715 869 ‹lederhtt;
735 772 813 853 hoc
832 799 895 852 me
914 791 1008 851 cum
1027 767 1207 880 conjuge
1225 767 1329 850 curti

269 883 463 968 Perdidit
471 926 485 983 ;
504 887 583 967 hoc
602 887 762 965 utinam
782 885 1009 965 caruissem
1029 911 1194 962 munere
1212 876 1395 991 semper!

270 999 444 1080 Procris
463 1013 551 1079 erat
571 995 637 1110 (si
642 999 759 1105 forte
779 997 917 1110 tnagis
931 996 1126 1106 peruenit
1144 993 1207 1076 acl
1221 1021 1343 1076 aures

273 1109 471 1220 Orithyia
490 1106 615 1222 tuas)
635 1127 779 1220 raptae
798 1137 916 1192 soror
936 1109 1168 1220 Orithyiae.
1403 1101 1486 1217 695

271 1223 492 1330 Sifociem
511 1252 722 1333 ructusque
740 1222 851 1306 uelis
868 1224 1057 1334 conferre
1076 1220 1277 1317 duarum,-

270 1335 558 1448 Dignioripsn
566 1339 669 1446 rapi.
679 1337 809 1419 Pater
818 1337 931 1418 hanc
945 1336 1048 1416 mihi
1047 1333 1203 1464 junxit
1211 1330 1490 1418 Erechtheus.-

272 1449 398 1532 Hauc
415 1451 520 1533 mihi
525 1450 680 1564 junxit
697 1450 857 1536 Amor.-
865 1448 986 1559 felix
1005 1447 1202 1542 chcehar,
1221 1473 1440 1556 erantque.-

324 3029 388 3097 690.
401 3025 473 3082 Nate
492 3025 560 3080 Des.
575 3025 704 3092 Phocus,
716 3041 798 3100 quem
822 3023 984 3100 alloquitur
1006 3021 1169 3099 Cephalus,
1185 3021 1267 3098 filius
1276 3018 1344 3098 suit
1363 3023 1449 3080 AEaci
1460 3039 1501 3079 ex

268 3115 433 3176 Psamathe
444 3113 580 3190 nympha.

324 3215 390 3282 694.
410 3208 523 3266 Procris
544 3217 615 3263 erut.
639 3209 754 3268 Procris
767 3205 921 3264 Erechthei
932 3207 1150 3264 Atheniensium
1165 3209 1242 3285 regis
1249 3205 1315 3284 filia
1327 3205 1410 3282 suit,
1423 3226 1501 3284 quaa

269 3323 334 3361 cum
350 3300 480 3374 Cephalo
491 3302 650 3374 nupsisset,
664 3303 800 3356 Aurorae
811 3297 899 3368 olio,
927 3320 1004 3377 quae
1024 3299 1195 3374 Cephalum,
1214 3303 1243 3357 itt
1262 3318 1331 3357 suos
1347 3301 1503 3374 amplexus

269 3403 436 3451 convertere
455 3395 592 3466 nequiuit,
606 3392 657 3450 suls
660 3389 766 3466 forma
786 3389 876 3448 alieni
887 3393 944 3447 uiri
957 3391 1121 3448 muneribus
1134 3393 1153 3446 ὰ
1167 3391 1294 3468 Cephalo
1310 3396 1373 3467 ipso
1385 3401 1503 3449 tentata

270 3483 360 3560 fidem
374 3483 481 3539 murila
493 3480 751 3555 datamsr·aclura
762 3481 920 3538 uidebatur.
938 3483 1010 3538 Cum
1024 3493 1123 3538 autem
1136 3503 1167 3538 se
1180 3483 1323 3559 Cephalus
1334 3483 1502 3546 indicasset,

274 3561 457 3653 aufugiens,
476 3575 573 3648 sylvas
586 3579 686 3652 petiit,
706 3593 743 3630 ac
754 3576 871 3632 Dianae
890 3591 984 3632 comes
998 3575 1114 3654 effecta,
1127 3577 1245 3634 tandem
1261 3576 1390 3655 Cephalo
1400 3575 1504 3651 placa·

268 3677 326 3736 tur,
340 3668 645 3743 dommuccensem,
660 3671 768 3726 marita
780 3680 809 3726 et
822 3687 923 3726 canem
936 3673 1049 3725 nomine
1059 3669 1211 3746 Laelapa,
1221 3681 1250 3726 et
1259 3670 1392 3746 jaculum
1405 3668 1501 3724 admi·

269 3759 381 3817 rendae
391 3759 620 3836 pulchritudinis,
628 3763 799 3840 virtutisque
810 3762 937 3820 donarit.
949 3765 1019 3818 Cum
1032 3772 1129 3818 autem
1142 3762 1293 3838 cuiusdam
1306 3763 1412 3819 indicio
1425 3781 1501 3821 cam-

268 3852 399 3926 perisset,
415 3851 571 3924 Cephalum
585 3869 647 3908 cum
660 3853 788 3930 quadam
801 3853 928 3930 nympha
938 3854 1139 3909 nomineAura
1148 3853 1286 3929 congredi
1290 3853 1499 3922 solitum,clum

274 3961 338 3998 eum
352 3944 382 3996 in
396 3943 496 4016 sylvas
506 3953 606 3999 secuta
617 3987 625 4014 ,
637 3947 675 4001 ah
687 3949 776 4003 inscio
786 3949 906 4016 marito,
917 3965 952 4003 eo
964 3947 1030 4014 telo,
1046 3946 1123 4024 quod
1133 3947 1171 4006 ah
1183 3951 1248 4024 ipsa
1259 3945 1336 4004 dana
1344 3958 1503 4024 competat

258 4031 324 4110 suit
336 4033 498 4107 interfecta.
512 4034 630 4092 Procris.
645 4041 672 4090 V
676 4037 724 4094 ute
732 4039 781 4096 lib.
793 4045 820 4096 6.
833 4059 907 4098 vers.
921 4045 967 4095 δι.

329 4128 396 4196 697.
411 4125 529 4202 Dignior
540 4127 597 4202 ipsu
611 4127 681 4204 cepi.
692 4131 850 4206 Antepanit
866 4130 1009 4206 Cephalus
1022 4131 1142 4188 Procrin
1151 4129 1456 4208 Orythyiae,quamuis
1467 4134 1504 4191 alt

270 4211 531 4288 pulchritudinem.
544 4217 687 4290 Orythyia
702 4219 826 4276 tiBarea
841 4231 924 4277 uento
937 4231 1026 4296 rapta
1036 4220 1352 4298 suisseserutur.1sts.
1368 4225 1493 4281 Procris.

266 4303 730 4367 PuterErechtheus.Erechtheus
739 4311 917 4371 Athenarum
924 4311 1059 4390 reasuit,
1068 4311 1144 4373 unde
1156 4311 1344 4380 Athenienses
1355 4313 1501 4373 interdum

271 4395 477 4456 Erechthium
488 4409 637 4460 vocantur.
