3274 5268
386 305 439 394 86
719 319 1078 388 novsuusssosts

306 451 531 561 Cercyonis
547 449 671 530 letrau
689 443 791 530 vidit
812 443 993 530 Cerealis
1010 442 1201 525 Eleusin.

307 561 476 647 Occidit
492 561 565 644 ille
582 560 721 653 Sinis,
739 557 905 668 magnis
922 555 1200 641 materiatus
1219 577 1339 645 usus,
1425 555 1506 656 440

306 675 395 784 Qui
405 690 565 784 poterat
583 701 762 754 etsrvare
779 670 935 775 trabes3
953 685 992 749 et
1010 670 1160 781 agebat
1178 667 1232 747 ah
1249 664 1336 746 alto

304 786 384 870 Ad
398 804 546 869 terram
565 787 653 868 late
665 808 883 896 sparsuras
901 809 1073 892 corpora
1084 781 1224 888 pinus.

305 899 437 982 Tutsu
454 898 516 979 ad
535 899 767 981 Alcathoen
786 892 981 1007 Lelegeia
999 894 1161 975 maenia
1180 893 1297 972 limes

308 1009 539 1122 Composita
557 1010 727 1092 Scirone
739 1024 874 1118 patet;
893 1007 1107 1116 sparsique
1125 1002 1301 1085 latronis

309 1124 439 1207 Terra
458 1139 583 1234 negat
596 1119 752 1214 sedem,
771 1115 908 1201 sedem
927 1136 1053 1233 negat
1073 1119 1234 1200 assibus
1255 1109 1389 1205 unda,
1422 1107 1507 1219 445

310 1235 429 1346 Quae
436 1235 606 1348 jactata
623 1233 699 1317 diu
707 1234 850 1343 fertur
865 1229 1038 1314 durasse
1056 1245 1235 1312 vetustas

307 1350 360 1430 In
380 1349 572 1458 scopulos
591 1354 631 1446 *;
650 1345 833 1455 seopulis
851 1372 997 1426 namen
1016 1343 1203 1426 Scironis
1221 1339 1418 1422 inhaeret.

304 1458 358 1543 Si
372 1461 513 1544 titulos
526 1488 737 1565 annosque
756 1474 849 1541 tuos
866 1485 1081 1540 numerare
1100 1454 1291 1546 velimus,

353 3527 417 3600 ⁴4⁰·
429 3519 511 3580 Sinis.
521 3521 597 3576 Sinis
616 3519 694 3576 latro
704 3517 794 3596 suit,
815 3519 950 3576 Isthmum
970 3520 1121 3588 obsidens,
1138 3521 1187 3599 qui
1206 3517 1282 3576 duas
1315 3507 1399 3595 pinus
1425 3525 1533 3597 flecte.

299 3616 348 3675 bat
359 3657 370 3684 ,
389 3635 426 3672 ae
445 3620 558 3693 utrique
577 3614 696 3671 hominis
715 3611 834 3670 bractia
854 3613 1020 3689 aliigabat,
1039 3613 1142 3672 deinde
1159 3631 1274 3671 sursunt
1294 3618 1441 3686 emittens,
1466 3639 1529 3675 car·

297 3725 352 3782 pus
371 3708 398 3762 vi
417 3705 589 3782 discerptum
610 3707 737 3762 maxima
756 3707 888 3762 cruciatu
908 3703 1075 3782 afficiebat:
1098 3707 1184 3760 istum
1209 3723 1322 3781 quaque
1337 3706 1466 3764 Theseus
1488 3713 1531 3766 in·

296 3801 479 3855 teremifflie
495 3800 587 3874 filiam
607 3799 731 3870 habuit,
752 3801 913 3876 Periginsen
933 3800 1064 3866 nomine,
1089 3817 1127 3854 ex
1149 3815 1208 3873 qua
1238 3797 1364 3853 Theseus
1383 3801 1532 3877 Menalip-

297 3908 365 3965 putn
384 3895 484 3967 genuit
501 3903 613 3965 patrem
631 3891 781 3949 Toxinnis.

356 3981 420 4053 443.
432 3979 602 4038 Alcsthoe'n.
613 3984 754 4057 Megareus
763 4024 772 4051 ,
796 3983 833 4038 ab
856 3981 998 4039 Atuattoo
1017 3989 1222 4046 restauratas,
1241 3987 1395 4056 postquam
1409 3983 1529 4040 sublata

294 4067 367 4127 Nisa
386 4079 518 4125 vastatae
528 4070 659 4145 fuissent
679 4074 699 4125 ὰ
718 4075 837 4139 Minae,
858 4075 985 4128 Pausan.
997 4075 1084 4129 Ante.
1097 4071 1218 4148 Lelegia.
1234 4073 1258 4126 A
1284 4073 1530 4146 Lelegecandita.

349 4163 413 4233 444.
424 4161 595 4238 Composito.
607 4165 813 4240 Praecipitavit
836 4165 963 4224 Theseus
983 4168 1112 4240 Styrana
1133 4181 1172 4220 ex
1191 4165 1307 4226 iisdem¹
1327 4167 1480 4239 scapulis,
1514 4169 1534 4220 e'

199 4311 202 4316 ,
294 4250 394 4326 quibus
413 4254 539 4311 viatores
556 4276 577 4314 a
596 4274 627 4315 se
646 4255 808 4331 spoliatas,
828 4269 855 4316 st
874 4259 976 4317 lavare
994 4257 1081 4332 pedes
1101 4266 1218 4314 coactas
1237 4261 1298 4334 ipse
1307 4257 1381 4334 pede
1396 4259 1426 4314 in
1447 4277 1534 4316 mare

293 4344 500 4416 proturbasset.
