<?xml version="1.0" encoding="UTF-8"?>
<!DOCTYPE html PUBLIC "-//W3C//DTD XHTML 1.0 Transitional//EN"
    "http://www.w3.org/TR/xhtml1/DTD/xhtml1-transitional.dtd">
<html xmlns="http://www.w3.org/1999/xhtml" xml:lang="en" lang="en">
 <head>
  <title>
</title>
<meta http-equiv="Content-Type" content="text/html;charset=utf-8" />
  <meta name='ocr-system' content='tesseract 3.04.00' />
  <meta name='ocr-capabilities' content='ocr_page ocr_carea ocr_par ocr_line ocrx_word'/>
</head>
<body>
  <div class='ocr_page' id='page_1' title='image "./povidiinasonism04angugoog_0102.png"; bbox 0 0 3258 5258; ppageno 0'>
   <div class='ocr_carea' id='block_1_1' title="bbox 313 245 1369 484">
    <p class='ocr_par' dir='ltr' id='par_1_1' title="bbox 313 245 1369 484">
     <span class='ocr_line' id='line_1_1' title="bbox 395 245 1369 356; baseline -0.002 -36"><span class='ocrx_word' id='word_1_1' title='bbox 395 265 447 350; x_wconf 79' lang='lat'><em>9⁰</em></span> <span class='ocrx_word' id='word_1_2' title='bbox 730 251 765 316; x_wconf 72' lang='grc' dir='ltr'><em>Ρ.</em></span> <span class='ocrx_word' id='word_1_3' title='bbox 785 245 1097 320; x_wconf 75' lang='lat' dir='ltr'><em>onorrulsottls</em></span> <span class='ocrx_word' id='word_1_4' title='bbox 1364 347 1369 356; x_wconf 20' lang='grc' dir='ltr'>Ι</span> 
     </span>
     <span class='ocr_line' id='line_1_2' title="bbox 313 371 1273 484; baseline -0.003 -25"><span class='ocrx_word' id='word_1_5' title='bbox 313 371 429 459; x_wconf 64' lang='lat' dir='ltr'><em>&#39;riute</em></span> <span class='ocrx_word' id='word_1_6' title='bbox 447 391 584 456; x_wconf 89' lang='lat' dir='ltr'><em>tamea</em></span> <span class='ocrx_word' id='word_1_7' title='bbox 603 371 752 455; x_wconf 89' lang='lat' dir='ltr'><em>bellurn</em></span> <span class='ocrx_word' id='word_1_8' title='bbox 771 374 875 456; x_wconf 80' lang='lat' dir='ltr'><em>vires</em></span> <span class='ocrx_word' id='word_1_9' title='bbox 892 374 1073 484; x_wconf 81' lang='lat' dir='ltr'><em>acquirit</em></span> <span class='ocrx_word' id='word_1_10' title='bbox 1086 375 1273 474; x_wconf 86' lang='lat' dir='ltr'><em>amicus,</em></span> 
     </span>
    </p>
   </div>
   <div class='ocr_carea' id='block_1_2' title="bbox 309 487 1527 1498">
    <p class='ocr_par' dir='ltr' id='par_1_2' title="bbox 309 487 1526 824">
     <span class='ocr_line' id='line_1_3' title="bbox 313 487 1513 599; baseline 0.003 -31"><span class='ocrx_word' id='word_1_11' title='bbox 313 487 489 599; x_wconf 82' lang='lat' dir='ltr'><em>Quoque</em></span> <span class='ocrx_word' id='word_1_12' title='bbox 500 503 649 596; x_wconf 90' lang='lat' dir='ltr'><em>potens</em></span> <span class='ocrx_word' id='word_1_13' title='bbox 676 487 858 586; x_wconf 85' lang='lat' dir='ltr'><em>habitus,</em></span> <span class='ocrx_word' id='word_1_14' title='bbox 878 487 1153 592; x_wconf 84' lang='lat' dir='ltr'><em>uolucrifreta</em></span> <span class='ocrx_word' id='word_1_15' title='bbox 1166 488 1303 568; x_wconf 85' lang='lat' dir='ltr'><em>classe</em></span> <span class='ocrx_word' id='word_1_16' title='bbox 1310 490 1513 594; x_wconf 82' lang='lat' dir='ltr'><em>pererrat.</em></span> 
     </span>
     <span class='ocr_line' id='line_1_4' title="bbox 310 596 1526 712; baseline 0.002 -30"><span class='ocrx_word' id='word_1_17' title='bbox 310 601 424 682; x_wconf 89' lang='lat' dir='ltr'><em>Hinc</em></span> <span class='ocrx_word' id='word_1_18' title='bbox 441 601 649 709; x_wconf 78' lang='lat' dir='ltr'><strong><em>Anaphen</em></strong></span> <span class='ocrx_word' id='word_1_19' title='bbox 668 599 749 680; x_wconf 88' lang='lat' dir='ltr'><em>sibi</em></span> <span class='ocrx_word' id='word_1_20' title='bbox 757 596 928 712; x_wconf 76' lang='lat' dir='ltr'><em>jungit,</em></span> <span class='ocrx_word' id='word_1_21' title='bbox 946 616 986 680; x_wconf 92' lang='lat' dir='ltr'><em>et</em></span> <span class='ocrx_word' id='word_1_22' title='bbox 1005 599 1256 708; x_wconf 78' lang='lat' dir='ltr'><em>Astypaleia</em></span> <span class='ocrx_word' id='word_1_23' title='bbox 1275 629 1421 712; x_wconf 59' lang='lat' dir='ltr'><em>regum</em></span> <span class='ocrx_word' id='word_1_24' title='bbox 1450 597 1526 709; x_wconf 77' lang='lat'><em>461</em></span> 
     </span>
     <span class='ocr_line' id='line_1_5' title="bbox 309 711 1365 824; baseline -0.002 -28"><span class='ocrx_word' id='word_1_25' title='bbox 309 713 533 796; x_wconf 80' lang='lat' dir='ltr'><em>Promissis</em></span> <span class='ocrx_word' id='word_1_26' title='bbox 552 711 786 821; x_wconf 81' lang='lat' dir='ltr'><em>Anaphen,</em></span> <span class='ocrx_word' id='word_1_27' title='bbox 805 741 938 824; x_wconf 75' lang='lat' dir='ltr'><em>regna</em></span> <span class='ocrx_word' id='word_1_28' title='bbox 968 713 1220 821; x_wconf 70' lang='lat' dir='ltr'><em>Astypaleia</em></span> <span class='ocrx_word' id='word_1_29' title='bbox 1239 713 1365 808; x_wconf 85' lang='lat' dir='ltr'><em>bello;</em></span> 
     </span>
    </p>

    <p class='ocr_par' dir='ltr' id='par_1_3' title="bbox 309 822 1527 1498">
     <span class='ocr_line' id='line_1_6' title="bbox 309 822 1471 932; baseline -0.001 -26"><span class='ocrx_word' id='word_1_30' title='bbox 309 826 423 907; x_wconf 87' lang='lat' dir='ltr'><em>Hinc</em></span> <span class='ocrx_word' id='word_1_31' title='bbox 442 825 632 905; x_wconf 87' lang='lat' dir='ltr'><em>humilem</em></span> <span class='ocrx_word' id='word_1_32' title='bbox 653 822 897 932; x_wconf 82' lang='lat' dir='ltr'><em>Myconon,</em></span> <span class='ocrx_word' id='word_1_33' title='bbox 917 842 1156 932; x_wconf 78' lang='lat' dir='ltr'><em>cretosaque</em></span> <span class='ocrx_word' id='word_1_34' title='bbox 1174 855 1271 905; x_wconf 92' lang='lat' dir='ltr'><em>rura</em></span> <span class='ocrx_word' id='word_1_35' title='bbox 1293 823 1471 919; x_wconf 85' lang='lat' dir='ltr'><em>Cimoli,</em></span> 
     </span>
     <span class='ocr_line' id='line_1_7' title="bbox 309 935 1525 1046; baseline -0.003 -24"><span class='ocrx_word' id='word_1_36' title='bbox 309 937 356 1022; x_wconf 93' lang='lat' dir='ltr'><em>F</em></span> <span class='ocrx_word' id='word_1_37' title='bbox 351 939 620 1046; x_wconf 82' lang='lat' dir='ltr'><em>lorentemque</em></span> <span class='ocrx_word' id='word_1_38' title='bbox 636 935 827 1045; x_wconf 83' lang='lat' dir='ltr'><em>Oythnou</em></span> <span class='ocrx_word' id='word_1_39' title='bbox 840 935 1036 1045; x_wconf 82' lang='lat' dir='ltr'><em>Scyroa*‚</em></span> <span class='ocrx_word' id='word_1_40' title='bbox 1045 937 1297 1046; x_wconf 83' lang='lat' dir='ltr'><em>planamque</em></span> <span class='ocrx_word' id='word_1_41' title='bbox 1310 937 1525 1046; x_wconf 79' lang='lat' dir='ltr'><em>Seriphon,</em></span> 
     </span>
     <span class='ocr_line' id='line_1_8' title="bbox 310 1047 1527 1159; baseline -0.003 -26"><span class='ocrx_word' id='word_1_42' title='bbox 310 1049 671 1159; x_wconf 71' lang='lat' dir='ltr'><em>Marmoreampue</em></span> <span class='ocrx_word' id='word_1_43' title='bbox 684 1049 859 1142; x_wconf 88' lang='lat' dir='ltr'><em>Paron*,</em></span> <span class='ocrx_word' id='word_1_44' title='bbox 874 1077 1035 1158; x_wconf 78' lang='lat' dir='ltr'><em>quaque</em></span> <span class='ocrx_word' id='word_1_45' title='bbox 1047 1051 1174 1157; x_wconf 89' lang='lat' dir='ltr'><em>impia</em></span> <span class='ocrx_word' id='word_1_46' title='bbox 1182 1047 1370 1155; x_wconf 81' lang='lat' dir='ltr'><em>prodidit</em></span> <span class='ocrx_word' id='word_1_47' title='bbox 1384 1075 1527 1132; x_wconf 82' lang='lat' dir='ltr'><em>arcent</em></span> 
     </span>
     <span class='ocr_line' id='line_1_9' title="bbox 313 1157 1503 1272; baseline 0 -28"><span class='ocrx_word' id='word_1_48' title='bbox 313 1163 497 1244; x_wconf 91' lang='lat' dir='ltr'><em>Sithonis</em></span> <span class='ocrx_word' id='word_1_49' title='bbox 515 1177 705 1271; x_wconf 83' lang='lat' dir='ltr'><em>accepto,</em></span> <span class='ocrx_word' id='word_1_50' title='bbox 726 1161 841 1272; x_wconf 86' lang='lat' dir='ltr'><em>quod</em></span> <span class='ocrx_word' id='word_1_51' title='bbox 856 1190 985 1244; x_wconf 82' lang='lat' dir='ltr'><em>auara</em></span> <span class='ocrx_word' id='word_1_52' title='bbox 997 1177 1264 1272; x_wconf 80' lang='lat' dir='ltr'><em>poposcerat,</em></span> <span class='ocrx_word' id='word_1_53' title='bbox 1283 1189 1397 1244; x_wconf 91' lang='lat' dir='ltr'><em>auro.</em></span> <span class='ocrx_word' id='word_1_54' title='bbox 1418 1157 1503 1266; x_wconf 77' lang='grc'><em>465</em></span> 
     </span>
     <span class='ocr_line' id='line_1_10' title="bbox 311 1271 1523 1386; baseline -0.001 -30"><span class='ocrx_word' id='word_1_55' title='bbox 311 1273 484 1356; x_wconf 89' lang='lat' dir='ltr'><em>Mutata</em></span> <span class='ocrx_word' id='word_1_56' title='bbox 502 1291 563 1356; x_wconf 89' lang='lat' dir='ltr'><em>est</em></span> <span class='ocrx_word' id='word_1_57' title='bbox 577 1275 621 1354; x_wconf 91' lang='lat' dir='ltr'><em>in</em></span> <span class='ocrx_word' id='word_1_58' title='bbox 634 1301 769 1366; x_wconf 81' lang='lat' dir='ltr'><em>avent,</em></span> <span class='ocrx_word' id='word_1_59' title='bbox 783 1303 890 1385; x_wconf 87' lang='lat' dir='ltr'><em>quae</em></span> <span class='ocrx_word' id='word_1_60' title='bbox 904 1300 1015 1356; x_wconf 90' lang='lat' dir='ltr'><em>nunc</em></span> <span class='ocrx_word' id='word_1_61' title='bbox 1030 1303 1190 1385; x_wconf 81' lang='lat' dir='ltr'><em>qnoque</em></span> <span class='ocrx_word' id='word_1_62' title='bbox 1202 1271 1345 1386; x_wconf 78' lang='lat' dir='ltr'><em>diligit</em></span> <span class='ocrx_word' id='word_1_63' title='bbox 1358 1303 1523 1372; x_wconf 86' lang='lat' dir='ltr'><em>aurum,-</em></span> 
     </span>
     <span class='ocr_line' id='line_1_11' title="bbox 313 1383 1364 1498; baseline -0.002 -26"><span class='ocrx_word' id='word_1_64' title='bbox 313 1385 453 1498; x_wconf 78' lang='lat' dir='ltr'><em>Nigra</em></span> <span class='ocrx_word' id='word_1_65' title='bbox 465 1383 638 1497; x_wconf 89' lang='lat' dir='ltr'><em>pedem;</em></span> <span class='ocrx_word' id='word_1_66' title='bbox 656 1386 791 1498; x_wconf 79' lang='lat' dir='ltr'><em>nigris</em></span> <span class='ocrx_word' id='word_1_67' title='bbox 809 1388 943 1470; x_wconf 77' lang='lat' dir='ltr'><em>aelata</em></span> <span class='ocrx_word' id='word_1_68' title='bbox 961 1384 1178 1470; x_wconf 81' lang='lat' dir='ltr'><em>monedula</em></span> <span class='ocrx_word' id='word_1_69' title='bbox 1202 1387 1364 1496; x_wconf 88' lang='lat' dir='ltr'><em>pennis.</em></span> 
     </span>
    </p>
   </div>
   <div class='ocr_carea' id='block_1_3' title="bbox 305 3673 1536 4228">
    <p class='ocr_par' dir='ltr' id='par_1_4' title="bbox 308 3673 1535 3821">
     <span class='ocr_line' id='line_1_12' title="bbox 364 3673 1535 3780; baseline 0.018 -51"><span class='ocrx_word' id='word_1_70' title='bbox 364 3679 428 3780; x_wconf 34' lang='lat'><strong>4¹⁶¹·</strong></span> <span class='ocrx_word' id='word_1_71' title='bbox 441 3673 589 3754; x_wconf 70' lang='lat' dir='ltr'><em>basphen.</em></span> <span class='ocrx_word' id='word_1_72' title='bbox 600 3681 657 3735; x_wconf 86' lang='lat' dir='ltr'><em>Ias.</em></span> <span class='ocrx_word' id='word_1_73' title='bbox 670 3684 774 3740; x_wconf 77' lang='lat' dir='ltr'><em>Cretici</em></span> <span class='ocrx_word' id='word_1_74' title='bbox 788 3684 896 3762; x_wconf 75' lang='lat' dir='ltr'><em>pelagi.</em></span> <span class='ocrx_word' id='word_1_75' title='bbox 913 3684 1086 3764; x_wconf 71' lang='lat' dir='ltr'><em>Astypaleia.</em></span> <span class='ocrx_word' id='word_1_76' title='bbox 1109 3689 1270 3767; x_wconf 78' lang='lat' dir='ltr'><em>Astypalca</em></span> <span class='ocrx_word' id='word_1_77' title='bbox 1301 3685 1354 3748; x_wconf 86' lang='lat' dir='ltr'><em>ins.</em></span> <span class='ocrx_word' id='word_1_78' title='bbox 1379 3695 1535 3770; x_wconf 73' lang='lat' dir='ltr'><em>Carpathii</em></span> 
     </span>
     <span class='ocr_line' id='line_1_13' title="bbox 308 3784 405 3821; baseline 0 -3"><span class='ocrx_word' id='word_1_79' title='bbox 308 3784 405 3821; x_wconf 74' lang='lat' dir='ltr'><em>maris.</em></span> 
     </span>
    </p>

    <p class='ocr_par' dir='ltr' id='par_1_5' title="bbox 305 3859 1536 4228">
     <span class='ocr_line' id='line_1_14' title="bbox 364 3859 1536 3951; baseline 0.02 -44"><span class='ocrx_word' id='word_1_80' title='bbox 364 3859 513 3926; x_wconf 74' lang='lat' dir='ltr'><em>463.Hiac</em></span> <span class='ocrx_word' id='word_1_81' title='bbox 534 3859 668 3917; x_wconf 82' lang='lat' dir='ltr'><em>humilem</em></span> <span class='ocrx_word' id='word_1_82' title='bbox 690 3866 842 3940; x_wconf 72' lang='lat' dir='ltr'><em>Myconon.</em></span> <span class='ocrx_word' id='word_1_83' title='bbox 863 3869 1007 3946; x_wconf 80' lang='lat' dir='ltr'><em>Myconon</em></span> <span class='ocrx_word' id='word_1_84' title='bbox 1027 3889 1065 3927; x_wconf 75' lang='lat' dir='ltr'><em>eu</em></span> <span class='ocrx_word' id='word_1_85' title='bbox 1091 3873 1370 3948; x_wconf 70' lang='lat' dir='ltr'><em>scriptisbsycaae,</em></span> <span class='ocrx_word' id='word_1_86' title='bbox 1399 3893 1476 3951; x_wconf 83' lang='lat' dir='ltr'><em>quae</em></span> <span class='ocrx_word' id='word_1_87' title='bbox 1507 3883 1536 3931; x_wconf 83' lang='lat' dir='ltr'><em>et</em></span> 
     </span>
     <span class='ocr_line' id='line_1_15' title="bbox 308 3947 1535 4042; baseline 0.016 -40"><span class='ocrx_word' id='word_1_88' title='bbox 308 3947 449 4021; x_wconf 78' lang='lat' dir='ltr'><em>Myconus</em></span> <span class='ocrx_word' id='word_1_89' title='bbox 467 3955 486 4004; x_wconf 80' lang='grc' dir='ltr'><em>ὰ</em></span> <span class='ocrx_word' id='word_1_90' title='bbox 506 3953 649 4010; x_wconf 78' lang='lat' dir='ltr'><em>Strabone</em></span> <span class='ocrx_word' id='word_1_91' title='bbox 668 3969 806 4028; x_wconf 87' lang='lat' dir='ltr'><em>vocatur,</em></span> <span class='ocrx_word' id='word_1_92' title='bbox 833 3980 891 4018; x_wconf 90' lang='lat' dir='ltr'><em>uua</em></span> <span class='ocrx_word' id='word_1_93' title='bbox 912 3971 955 4018; x_wconf 81' lang='lat' dir='ltr'><em>est</em></span> <span class='ocrx_word' id='word_1_94' title='bbox 985 3981 1022 4018; x_wconf 78' lang='lat' dir='ltr'><em>ex</em></span> <span class='ocrx_word' id='word_1_95' title='bbox 1055 3964 1238 4038; x_wconf 74' lang='lat' dir='ltr'><em>Cycladibus.</em></span> <span class='ocrx_word' id='word_1_96' title='bbox 1260 3967 1435 4042; x_wconf 76' lang='lat' dir='ltr'><em>cretosaque</em></span> <span class='ocrx_word' id='word_1_97' title='bbox 1469 3985 1535 4024; x_wconf 74' lang='lat' dir='ltr'><em>rurs</em></span> 
     </span>
     <span class='ocr_line' id='line_1_16' title="bbox 306 4039 1534 4132; baseline 0.015 -36"><span class='ocrx_word' id='word_1_98' title='bbox 306 4039 415 4098; x_wconf 82' lang='lat' dir='ltr'><em>Cimoli.</em></span> <span class='ocrx_word' id='word_1_99' title='bbox 428 4043 526 4098; x_wconf 86' lang='lat' dir='ltr'><em>Insula</em></span> <span class='ocrx_word' id='word_1_100' title='bbox 547 4049 575 4100; x_wconf 89' lang='lat' dir='ltr'><em>in</em></span> <span class='ocrx_word' id='word_1_101' title='bbox 599 4051 709 4104; x_wconf 86' lang='lat' dir='ltr'><em>Cretico</em></span> <span class='ocrx_word' id='word_1_102' title='bbox 729 4055 827 4120; x_wconf 85' lang='lat' dir='ltr'><em>mari,</em></span> <span class='ocrx_word' id='word_1_103' title='bbox 848 4073 907 4110; x_wconf 87' lang='lat' dir='ltr'><em>una</em></span> <span class='ocrx_word' id='word_1_104' title='bbox 926 4073 963 4112; x_wconf 76' lang='lat' dir='ltr'><em>es</em></span> <span class='ocrx_word' id='word_1_105' title='bbox 982 4055 1160 4130; x_wconf 84' lang='lat' dir='ltr'><em>Sporadibus</em></span> <span class='ocrx_word' id='word_1_106' title='bbox 1171 4096 1181 4123; x_wconf 88' lang='lat'><em>‚</em></span> <span class='ocrx_word' id='word_1_107' title='bbox 1199 4063 1218 4112; x_wconf 78' lang='grc' dir='ltr'><em>ά</em></span> <span class='ocrx_word' id='word_1_108' title='bbox 1238 4075 1296 4132; x_wconf 83' lang='lat' dir='ltr'><em>qua</em></span> <span class='ocrx_word' id='word_1_109' title='bbox 1309 4067 1388 4114; x_wconf 89' lang='lat' dir='ltr'><em>terra</em></span> <span class='ocrx_word' id='word_1_110' title='bbox 1404 4061 1534 4116; x_wconf 82' lang='lat' dir='ltr'><em>Cimolia</em></span> 
     </span>
     <span class='ocr_line' id='line_1_17' title="bbox 305 4139 1505 4228; baseline 0.012 -36"><span class='ocrx_word' id='word_1_111' title='bbox 305 4145 508 4208; x_wconf 79' lang='lat' dir='ltr'><em>nrrucupatur,</em></span> <span class='ocrx_word' id='word_1_112' title='bbox 531 4147 562 4192; x_wconf 89' lang='lat' dir='ltr'><em>ut</em></span> <span class='ocrx_word' id='word_1_113' title='bbox 581 4139 687 4195; x_wconf 86' lang='lat' dir='ltr'><em>Strabo</em></span> <span class='ocrx_word' id='word_1_114' title='bbox 706 4144 825 4215; x_wconf 83' lang='lat' dir='ltr'><em>scribit,</em></span> <span class='ocrx_word' id='word_1_115' title='bbox 850 4167 926 4226; x_wconf 77' lang='lat' dir='ltr'><em>quae</em></span> <span class='ocrx_word' id='word_1_116' title='bbox 944 4147 1071 4216; x_wconf 85' lang='lat' dir='ltr'><em>dicitur,</em></span> <span class='ocrx_word' id='word_1_117' title='bbox 1090 4151 1253 4224; x_wconf 78' lang='lat' dir='ltr'><em>purgandis</em></span> <span class='ocrx_word' id='word_1_118' title='bbox 1272 4152 1394 4208; x_wconf 86' lang='lat' dir='ltr'><em>vestibus</em></span> <span class='ocrx_word' id='word_1_119' title='bbox 1420 4163 1505 4228; x_wconf 86' lang='lat' dir='ltr'><em>apta.</em></span> 
     </span>
    </p>
   </div>
   <div class='ocr_carea' id='block_1_4' title="bbox 305 4224 1533 4394">
    <p class='ocr_par' dir='ltr' id='par_1_6' title="bbox 305 4224 1533 4394">
     <span class='ocr_line' id='line_1_18' title="bbox 364 4224 1533 4318; baseline 0.015 -40"><span class='ocrx_word' id='word_1_120' title='bbox 364 4230 428 4297; x_wconf 75' lang='grc'>466.</span> <span class='ocrx_word' id='word_1_121' title='bbox 439 4224 573 4284; x_wconf 83' lang='lat' dir='ltr'><em>Sithonis.</em></span> <span class='ocrx_word' id='word_1_122' title='bbox 587 4229 713 4290; x_wconf 84' lang='lat' dir='ltr'><em>Thracia</em></span> <span class='ocrx_word' id='word_1_123' title='bbox 734 4233 855 4293; x_wconf 82' lang='lat' dir='ltr'><em>mulier:</em></span> <span class='ocrx_word' id='word_1_124' title='bbox 873 4247 917 4298; x_wconf 82' lang='lat' dir='ltr'><em>esi</em></span> <span class='ocrx_word' id='word_1_125' title='bbox 935 4241 1008 4296; x_wconf 88' lang='lat' dir='ltr'><em>enim</em></span> <span class='ocrx_word' id='word_1_126' title='bbox 1028 4237 1160 4296; x_wconf 72' lang='lat' dir='ltr'><em>Sithonii</em></span> <span class='ocrx_word' id='word_1_127' title='bbox 1183 4231 1326 4297; x_wconf 76' lang='lat' dir='ltr'><em>Thraciae</em></span> <span class='ocrx_word' id='word_1_128' title='bbox 1344 4260 1438 4318; x_wconf 87' lang='lat' dir='ltr'><em>pars,</em></span> <span class='ocrx_word' id='word_1_129' title='bbox 1463 4243 1533 4297; x_wconf 81' lang='lat' dir='ltr'><em>Ma·-</em></span> 
     </span>
     <span class='ocr_line' id='line_1_19' title="bbox 305 4318 594 4394; baseline 0.028 -22"><span class='ocrx_word' id='word_1_130' title='bbox 305 4318 442 4375; x_wconf 84' lang='lat' dir='ltr'><em>cedoniac</em></span> <span class='ocrx_word' id='word_1_131' title='bbox 456 4321 594 4394; x_wconf 84' lang='lat' dir='ltr'><em>finitima.</em></span> 
     </span>
    </p>
   </div>
   <div class='ocr_carea' id='block_1_5' title="bbox 0 0 1634 5258">
    <p class='ocr_par' dir='ltr' id='par_1_7' title="bbox 0 0 1634 5258">
     <span class='ocr_line' id='line_1_20' title="bbox 0 0 1634 5258; baseline 0 2"><span class='ocrx_word' id='word_1_132' title='bbox 0 0 1634 5258; x_wconf 95' lang='lat' dir='ltr'><em> </em></span> 
     </span>
    </p>
   </div>
  </div>
 </body>
</html>
