3258 5258
291 447 294 457 .
361 377 436 476 ¹¹4
678 377 729 450 e.
749 389 878 452 ovmn
896 387 1063 450 nesons

218 521 221 528 ’
271 517 489 622 lassaque
507 529 723 596 versantes
741 539 930 622 supremo
948 510 1107 592 lamina
1124 527 1250 594 motu.

269 627 561 742 (Membraque
573 623 795 736 pendentis
808 621 983 704 tendant
1000 621 1062 705 ad
1076 621 1216 706 sidera
1229 622 1361 724 coeli,
1400 617 1481 709 580

269 742 376 836 Hie,
396 739 498 830 illic,
518 739 590 818 ati
605 763 714 819 mors
732 733 1028 845 deprenderat,
1047 733 1342 848 exhalantes.)

274 851 394 1050 guid
409 852 512 934 miti
527 868 628 932 tane
645 851 780 932 animi
785 849 876 959 fait
889 849 916 930 Ρ
934 879 1013 944 an,
1033 847 1148 964 qnod
1163 849 1305 932 debuit
1323 877 1438 944 esse,

316 967 483 1046 tvitam
502 963 694 1057 odissem,
712 980 752 1043 et
771 991 958 1071 euperem
973 991 1076 1072 pars
1094 992 1183 1046 esse
1201 963 1416 1046 meorum?

274 1077 369 1188 Qua
387 1107 432 1160 se
449 1107 613 1191 cunque
631 1077 745 1158 aeies
764 1075 1175 1192 acnlornmsleaerat
1194 1137 1205 1170 ,
1224 1076 1317 1160 illia

275 1191 443 1304 Vulgus
461 1207 550 1272 erat
567 1203 740 1272 stratam
755 1229 767 1288 ,·
785 1189 921 1270 velnti
936 1217 1031 1270 aum
1044 1192 1187 1298 pteteia
1206 1192 1328 1274 matis
1405 1187 1488 1277 585

271 1304 405 1386 Poma
424 1302 583 1385 cadunt
604 1303 757 1396 ramis,
776 1303 1025 1414 agitataque
1043 1304 1139 1384 ilice
1155 1301 1349 1416 glandes.

274 1416 447 1525 lempla
465 1413 589 1497 vides
607 1431 754 1498 contra
770 1412 975 1526 gradibus
993 1415 1186 1496 sublimia
1204 1417 1365 1528 longis;

271 1528 462 1642 hippiter
476 1529 553 1612 illa
572 1544 699 1620 tenet,-
719 1529 814 1641 quis
833 1555 917 1610 non
935 1527 1138 1614 altaribus
1155 1529 1242 1614 illis

323 3640 385 3694 sto.
409 3635 591 3716 Membraque
613 3639 762 3719 pendentis
783 3643 904 3702 tendunt
925 3644 960 3703 ed
986 3645 1077 3706 sidere
1101 3647 1185 3708 coeli.
1217 3649 1378 3708 Teedeutin
1402 3651 1495 3710 sidere

264 3731 393 3789 Florent.
414 3734 443 3786 S.
464 3733 573 3801 Marci,
594 3733 740 3792 tendentia
761 3736 853 3794 sidere
872 3741 927 3814 pri.
949 3741 1067 3808 Media,
1081 3741 1231 3800 tendentes
1244 3743 1336 3800 sidere
1348 3747 1404 3818 pri.
1420 3746 1496 3815 Pel,

264 3823 418 3904 pendentis
438 3823 528 3881 sidere
550 3826 615 3883 laeti
635 3832 793 3904 Spirensis:
814 3831 867 3886 attt
887 3831 983 3889 aliter.
1013 3835 1097 3910 Piget
1116 3841 1191 3892 enim
1211 3841 1240 3892 in
1260 3836 1303 3893 tis
1328 3840 1492 3918 quisquiliis

265 3916 393 3970 haerere.
413 3917 467 3968 Est
488 3917 621 3974 videlicet
647 3939 746 3977 venene
772 3924 883 3978 scutica
907 3923 1026 4001 dignus,
1047 3945 1104 3982 non
1135 3928 1313 3986 Nasoniand
1331 3931 1509 4014 elegentict.⁴

265 4005 428 4066 Pendentis.
456 4010 595 4080 Suspensi
615 4013 757 4090 undique,
778 4019 905 4072 convexi.

324 4102 386 4154 581.
406 4097 541 4157 Hie‘ittie
563 4101 612 4156 ubi
635 4123 709 4159 mors
729 4103 918 4182 deprenderet
938 4106 1113 4168 exhalentes.
1135 4113 1233 4168 Etiam
1254 4113 1300 4168 ln'e
1318 4113 1496 4187 ejiciendus,

267 4197 405 4265 tanquam
428 4189 541 4246 minime
561 4193 699 4259 Latinus,
718 4198 773 4249 nisi
792 4199 992 4258 emendatione
1005 4203 1103 4276 placet
1116 4207 1246 4260 succurri
1259 4214 1289 4261 nt
1302 4207 1490 4262 rescribatur.

264 4278 337 4346 Hie,
358 4279 407 4336 ubi
427 4299 516 4348 mors,
536 4282 676 4348 animem,
693 4281 905 4359 deprenderet,
927 4289 1103 4348 exhalantes.

325 4375 388 4444 587.
410 4371 529 4450 Temple
548 4373 628 4430 vides
648 4387 757 4432 eontra.
780 4381 859 4454 t'irg.
881 4385 908 4436 6.
929 4382 1041 4440 AEneil.
1065 4385 1287 4446 contrectatam
1301 4386 1369 4444 mari
1383 4405 1494 4466 respon·

269 4461 318 4520 det
337 4463 455 4522 Genesin
476 4461 573 4522 tellus.
592 4467 708 4526 Contra.
730 4469 758 4523 E
777 4473 902 4547 regione.
