3274 5268
405 313 455 422 78
727 329 772 391 s.
793 333 918 390 ovum
939 331 1103 392 ntsottss

318 447 542 534 Palladias
560 475 699 540 arces,
718 475 824 558 quae
842 465 881 527 te
894 507 907 541 ,
917 445 1150 559 justissime
1170 445 1360 552 Planco,

320 561 472 675 Teque,
490 589 621 643 senec
644 559 841 668 Peripha,
854 559 1016 668 pariter·
1031 557 1165 644 videre
1183 559 1389 652 volantes,
1448 565 1533 666 hoo

319 675 601 784 innixamque
619 673 734 754 novis
749 689 906 782 neptem
927 671 1220 783 Polypemonis
1237 673 1332 754 alis.

379 786 564 896 Excipit
581 785 691 865 hano
709 783 892 897 AEgeus,
901 785 1027 891 facto
1045 781 1309 866 damnandus
1327 785 1373 864 in
1391 813 1498 868 uno:

320 898 414 986 Nec
421 899 526 980 satis
538 896 759 1005 hospitium
771 912 846 990 est,
853 896 1031 977 thalami
1047 925 1206 1008 quoque
1214 893 1560 1009 foederajungit.

320 1012 497 1123 Jamque
514 1007 660 1090 aderat
679 1007 862 1090 Theseus
868 1008 1007 1118 pmles
1025 1010 1172 1121 ignota
1185 1010 1355 1119 parenti
1364 1049 1378 1107 ;

326 1124 414 1236 Qui
430 1124 575 1208 virtute
592 1149 670 1202 sua
687 1120 882 1202 bimarem
894 1138 1120 1231 pacaverat
1142 1122 1335 1204 Isthmon.
1448 1116 1533 1231 495

323 1235 462 1348 Hujus
479 1235 525 1315 in
542 1233 719 1314 exs'tinm
737 1233 881 1315 miscet
900 1232 1078 1332 Medea,
1097 1232 1212 1344 quod
1227 1233 1325 1314 olim

322 1347 534 1430 Attulerat
551 1373 689 1427 secum
708 1344 922 1454 Scythicis
940 1347 1137 1428 aconiton
1154 1347 1208 1427 ab
1226 1346 1330 1445 oris,

321 1458 439 1545 Illud
454 1456 700 1542 Echidneae
717 1473 943 1537 memorant
959 1459 982 1542 ὲ
1001 1456 1193 1539 dentibus
1212 1475 1343 1540 ortum

371 1929 435 1996 ³99·
454 1920 746 1980 Palladiasdthenas.
768 1920 886 1976 Phineu.
900 1919 1081 1976 obscuriores
1100 1929 1166 1976 sunt
1185 1921 1241 1980 hae
1250 1919 1389 1995 subulae.
1415 1922 1542 1997 Polype-

312 2022 402 2074 monis
425 2019 530 2072 mentia
549 2018 579 2068 in
597 2015 724 2069 carmine
744 2014 773 2066 in
795 2011 866 2068 lbin.

363 2111 427 2167 Fas.
439 2111 504 2165 XX.
516 2110 596 2164 XXI.
608 2115 637 2162 et
657 2108 754 2162 xxm.
776 2103 842 2182 Arg.
863 2105 981 2180 Excipit
1000 2103 1075 2162 hanc
1094 2107 1201 2182 AEgeus
1223 2103 1325 2176 sacto.
1344 2107 1449 2184 AEgeus
1483 2125 1537 2163 rex

309 2202 489 2262 Athenarum
509 2196 651 2257 consuluit
670 2195 835 2264 oraculum,
855 2216 912 2271 quo
932 2195 1016 2254 modo
1037 2195 1145 2274 prolem
1165 2197 1274 2256 uirilem
1294 2199 1435 2276 suscipere
1467 2219 1531 2276 pos·

308 2306 371 2362 set,
388 2294 404 2348 h
422 2311 478 2366 quo
497 2310 563 2347 cum
582 2287 734 2365 accepisset
753 2299 786 2343 ut
807 2285 882 2364 prius
902 2307 989 2363 quern
1010 2286 1138 2346 Athenas
1157 2299 1369 2357 serenentur,
1390 2307 1457 2346 eum
1471 2309 1537 2346 snu-

308 2384 377 2442 liere
396 2387 511 2452 coiret,
530 2381 566 2438 ad
585 2381 717 2438 Pitheum
736 2378 887 2436 Troezenis
908 2399 1002 2456 regem
1024 2381 1181 2456 proiectus,
1201 2381 1227 2438 ei
1247 2379 1392 2438 omeulum
1411 2401 1539 2440 commu-

285 2539 287 2546 ,
309 2478 424 2536 nicasii.
444 2477 509 2552 Quo
529 2473 642 2551 cognito
661 2472 778 2531 Pitheus
797 2477 824 2527 ei
843 2469 929 2528 filiam
947 2472 1076 2528 AEthram
1096 2473 1112 2527 h
1130 2473 1265 2550 Neptuno
1278 2471 1406 2531 vitiatam
1419 2471 1542 2551 copula-

309 2569 360 2628 vit.
379 2568 450 2626 lude
470 2588 538 2627 sero
556 2569 660 2644 AEgeus
678 2564 871 2634 discessurus,
891 2584 1009 2622 uxorem
1028 2567 1086 2640 jam
1104 2564 1249 2644 gravidam
1269 2564 1305 2622 ad
1325 2585 1426 2623 saxum
1446 2565 1541 2623 solem

306 2676 373 2721 cum
392 2661 578 2727 adduxisset,
596 2657 638 2716 illi
657 2658 768 2717 calceos
787 2657 968 2737 gladiumque
987 2659 1118 2733 subjecit.
1136 2658 1227 2716 Uxori
1247 2657 1353 2715 deinde
1371 2657 1538 2724 mandavit,

308 2767 343 2812 ut
360 2754 384 2811 si
402 2751 559 2810 masculum
578 2761 690 2828 pateret
701 2791 709 2818 ,
730 2768 796 2807 eunt
815 2748 851 2805 ad
870 2767 900 2804 se
920 2767 977 2804 non
997 2760 1063 2806 ente
1084 2748 1230 2816 mitteret,
1251 2769 1336 2825 qnam
1351 2748 1466 2806 adultus
1478 2749 1541 2826 ipse

308 2864 360 2923 per
378 2862 407 2901 se
427 2841 558 2903 resoluto
576 2860 644 2899 sexo
664 2839 786 2918 gladium
806 2853 835 2897 et
854 2839 963 2897 calceos
984 2837 1087 2896 tollens
1105 2859 1203 2896 secum
1227 2839 1324 2896 secret.
1356 2839 1432 2897 Hinc
1463 2839 1543 2895 enim

310 2939 415 3016 AEgeus
433 2955 464 2992 se
482 2935 661 3013 cogniturum
680 2933 827 3009 sperabat,
839 2953 875 2987 sn
894 2951 979 3008 quem
1000 2930 1098 2989 AEthm
1118 2931 1192 2989 locet
1212 2933 1359 3009 peritura,
1377 2932 1434 2989 sibi
1461 2931 1539 2988 filius

310 3041 396 3088 esset.
415 3029 543 3084 'l'heseus
562 3027 648 3104 igitur
666 3043 703 3082 ex
721 3023 766 3080 ills
786 3035 870 3080 natus
888 3024 969 3100 AEgei
988 3023 1104 3098 quidem
1129 3022 1203 3084 lilius
1230 3035 1345 3101 putstns
1375 3037 1442 3091 est,
1473 3045 1541 3082 cum

311 3117 438 3198 Neptuni
457 3118 558 3184 locet,
573 3128 607 3173 ut
624 3117 762 3171 Isocrates
782 3115 811 3169 in
831 3113 956 3170 Helenes
975 3111 1136 3172 laudatione
1156 3115 1204 3171 eit.
1223 3117 1251 3172 Is
1272 3136 1343 3173 sero
1375 3135 1442 3172 cum
1472 3116 1540 3173 edo·

309 3209 444 3276 levisset,
468 3207 611 3264 iudicante
625 3219 712 3262 matre
725 3217 754 3260 et
765 3225 864 3262 susum
879 3204 1018 3272 resolvit,
1032 3217 1061 3262 et
1078 3205 1187 3264 calceos
1210 3219 1239 3264 et
1265 3205 1390 3285 gladium
1411 3207 1543 3277 sustulit,

313 3300 494 3375 Athenasque
509 3297 701 3376 proficiscens,
715 3297 818 3354 multos
830 3295 951 3355 latrones
970 3297 1107 3356 Isthmum
1121 3298 1286 3356 obsidentes
1297 3301 1450 3358 interlhcit.
1464 3304 1541 3358 Cum

311 3413 380 3452 vero
394 3391 520 3450 Athenas
534 3392 723 3468 pervenisset,
736 3411 794 3446 uon
806 3391 899 3446 anteh
914 3403 992 3469 patre
1003 3392 1116 3468 agnitus
1129 3405 1189 3457 est,
1202 3413 1287 3469 quam
1299 3393 1432 3470 capulum
1455 3393 1542 3472 gladii

311 3482 354 3542 sui
361 3523 370 3550 ,
381 3501 466 3558 quem
479 3501 546 3539 saxo
560 3492 641 3558 pater
654 3481 712 3559 ipse
723 3480 899 3555 subjecerat,
911 3483 1028 3558 aspexit.
1038 3483 1103 3554 Quo
1122 3484 1238 3559 cognito
1256 3483 1390 3560 poculum
1415 3503 1540 3542 senene·

310 3585 388 3638 tum,
400 3571 565 3630 stimulante
578 3570 694 3638 Medea,
705 3573 763 3646 jam
777 3573 963 3647 porrectumh
978 3571 1027 3628 lilii
1041 3571 1172 3628 manibus
1184 3572 1318 3630 excussit.
1357 3621 1358 3626 ,

368 3670 431 3738 lon.
451 3667 538 3722 Facto
558 3665 587 3720 in
609 3685 675 3722 uno.
695 3669 730 3722 ln
749 3664 802 3718 hoc
816 3661 982 3736 maseato,
994 3664 1072 3740 quod
1084 3665 1223 3720 Medeam
1236 3666 1362 3742 hospitio
1373 3669 1510 3742 suscepit.

368 3761 431 3830 405.
444 3758 591 3814 Bimsrem.
610 3757 835 3833 Peloponnesum
861 3757 940 3810 intra
964 3755 1119 3825 Achaiam,
1143 3767 1171 3814 et
1198 3759 1275 3814 alias
1298 3761 1431 3836 regiones
1454 3769 1542 3816 extra

310 3851 447 3906 Isthmum
462 3849 675 3907 Corinthiacum
688 3855 762 3906 inter
775 3867 855 3906 mare
869 3851 979 3907 lonium
995 3861 1023 3906 et
1037 3852 1165 3928 AEgeum.

369 3945 433 4013 [μη.
449 3941 601 3997 leoniten.
617 3939 674 4012 lns.
685 3962 709 3998 v.
720 3946 755 4014 4²
763 3959 784 3998 t.
795 3939 950 3998 Aconiton.
962 3941 1059 3998 Eerba
1070 3949 1114 3998 est
1126 3943 1352 4016 praesentissimi
1362 3945 1462 4003 ueneni
1472 3944 1542 3999 Aco-

311 4031 400 4088 nitum
413 4071 421 4096 ,
453 4019 570 4096 sinitis
594 4016 704 4099 ἀκόνης
717 4073 725 4098 ,
740 4031 793 4086 hoc
805 4039 864 4098 est,
876 4034 896 4086 ὰ
909 4041 972 4088 cote
982 4032 1107 4099 dictum,
1121 4031 1199 4109 quad
1211 4035 1239 4087 in
1251 4034 1361 4089 cotibus
1373 4043 1523 4090 nascatur.

368 4125 431 4193 408.
442 4118 602 4176 Echidneae
615 4117 701 4174 oanis.
713 4119 826 4176 Cerberi
837 4123 919 4177 cenis
930 4123 1071 4198 tricipitis.
1082 4121 1248 4179 Echidneae
1258 4133 1356 4179 autem
1368 4123 1451 4180 canis
1461 4121 1540 4186 dicit,

310 4215 446 4288 quoniam
459 4231 497 4268 es
509 4211 641 4268 Echidna
656 4219 781 4266 monstra
795 4215 934 4270 Cerberus
945 4223 1033 4272 natus
1040 4216 1175 4291 fingitur.
1193 4213 1365 4272 Echidneae.
1387 4219 1415 4270 E
1432 4219 1541 4288 spumis

311 4301 424 4358 Cerberi
436 4301 712 4368 connexissimae
724 4302 762 4358 ab
774 4300 877 4378 inseris
888 4305 1026 4377 Hercule,
1039 4315 1134 4366 artum
1158 4315 1281 4366 narrant
1295 4305 1437 4382 subulae,
1449 4307 1538 4382 inquit

312 4396 386 4458 Plin.
396 4396 416 4452 l.
429 4415 474 4470 ²7·
483 4406 548 4472 cap.
561 4414 587 4453 n.
