3274 5248
452 387 538 502 ³⁰4
787 383 1153 478 1³.ov1nttttssottts

369 531 667 646 Concussitque
684 534 775 618 suis
791 561 932 618 omnes
943 535 1181 619 assensibus
1199 533 1351 618 undas.

366 644 586 730 Extimuit
604 643 816 760 Nymphe:
834 648 962 730 nabat
980 665 1130 732 tamen.
1149 645 1243 756 Ipse
1261 647 1445 730 notantis

327 791 331 800 ·
366 757 546 842 Pectora
562 763 783 876 tangebam
801 758 961 872 trepido
980 759 1176 844 salientia
1194 777 1330 859 motu,·
1477 753 1551 844 606

366 870 563 987 Dumque
579 902 629 956 ea
648 890 875 974 contrecto,
894 890 1022 957 totum
1035 869 1253 958 durescere
1270 874 1385 958 sensi

371 983 554 1097 Corpus,
573 1002 613 1068 et
631 983 808 1072 inductui
825 985 956 1070 condi
964 985 1215 1096 praecordia
1233 991 1361 1072 temti.

364 1095 505 1294 &Dum
523 1102 681 1211 loquor,
698 1099 899 1210 amplexa
916 1116 980 1184 est
997 1117 1115 1184 nnus
1127 1129 1234 1184 noun
1247 1118 1360 1183 terra
1372 1115 1553 1190 natantes,

411 1213 585 1324 tgrauis
603 1214 774 1298 increvit
792 1213 962 1296 mutatis
980 1214 1123 1298 insula
1141 1209 1358 1325 membris)
1484 1210 1553 1296 fiio

424 1327 579 1410 Amnis
596 1327 650 1408 ab
668 1327 734 1409 lu's
752 1328 897 1410 tacuit·
906 1326 1077 1437 factum
1095 1327 1284 1411 mirabile
1301 1343 1469 1414 cunctos

368 1437 571 1523 Moverat.
590 1437 746 1526 lriidet
763 1437 997 1540 undenus,-
1016 1457 1140 1554 utque
1158 1439 1345 1527 Deonsm

417 2852 482 2906 605.
504 2847 640 2906 Extimuit
658 2847 800 2926 Nympho.
822 2848 881 2904 Aut
900 2847 930 2902 lu’
948 2857 1055 2925 quator
1074 2867 1173 2905 wreus
1192 2855 1258 2904 sunt
1278 2845 1400 2905 tollendi
1416 2867 1467 2924 pra
1485 2863 1566 2923 supet·
1608 2819 1609 2862 l

351 2939 441 3014 fluis,
463 2950 517 2996 aut
536 2941 579 2996 illi
597 2939 671 3010 duo,
691 2959 811 3017 quorum
830 2941 943 2995 initium
962 2938 1032 2996 dum
1050 2938 1173 3016 loquor:
1192 2955 1229 2996 ne
1248 2939 1290 2996 bis
1322 2940 1397 2997 idem
1417 2939 1503 2998 ticet.
1521 2939 1565 2995 tli-

360 3049 410 3086 cos·
428 3034 596 3105 interpretes
614 3030 667 3086 leae
685 3049 741 3086 nae
761 3029 873 3087 vidisse.

416 3127 483 3178 σοῦ.
507 3122 651 3180 Selientie.
673 3123 877 3199 Palpitontie,
896 3121 929 3180 tt
946 3123 1026 3202 quod
1044 3125 1146 3182 timore
1170 3125 1314 3200 percussis
1342 3123 1473 3182 accidere
1489 3121 1565 3180 solet-v

361 3215 490 3274 Pectore.
513 3215 701 3272 Praemrdis.

416 3305 903 3384 Fu.V11.t'ttt.ettx.trg.
928 3307 1044 3376 Amnis,
1075 3316 1128 3362 etc.
1150 3305 1285 3386 iuppiter
1317 3317 1348 3363 et
1375 3301 1564 3364 Mercuriusis

359 3397 508 3453 hominum
528 3394 630 3474 figures
650 3397 733 3466 versi,
752 3399 781 3454 in
804 3402 920 3476 regione
940 3399 1073 3476 Phrygis,
1094 3419 1159 3456 cum
1180 3401 1287 3457 enimus
1307 3394 1567 3476 ineolesumespetll

361 3485 477 3544 hnulle
497 3487 571 3545 ultro
592 3487 791 3567 exciperentur
811 3485 976 3567 hospitio‚e
999 3491 1165 3548 Philemone
1185 3503 1214 3548 et
1233 3491 1355 3548 Beucide
1368 3489 1564 3570 hospitelissine

359 3593 427 3638 sunt
447 3582 631 3659 excepti,et
649 3601 714 3639 oum
740 3581 860 3640 muniens
892 3581 1039 3642 voluntate
1071 3583 1155 3642 rebus
1185 3581 1339 3641 humilibus
1364 3583 1401 3640 ed
1428 3585 1565 3642 vietumtl
1608 3573 1609 3664 l

359 3672 526 3730 necessariis
556 3670 779 3750 simplicissimos
798 3676 907 3730 enimus
927 3693 1082 3752 peupesum
1102 3677 1211 3752 experti
1230 3687 1309 3732 sunt.
1336 3677 1411 3752 Ergo
1431 3689 1462 3733 ut
1481 3689 1565 3732 nunes

360 3783 394 3818 ee
414 3763 469 3820 vien
489 3765 787 3835 cacodaemonem,
810 3767 949 3826 avocetis
970 3765 1087 3824 senibus
1105 3767 1135 3824 in
1155 3767 1333 3826 escelsiotem
1354 3767 1475 3838 collem,
1493 3783 1565 3824 essen

360 3875 459 3912 eornm
481 3857 509 3914 in
530 3856 667 3936 templum
687 3870 887 3917 converterunt
903 3877 1007 3934 eosque
1027 3857 1102 3938 ipsos
1121 3873 1232 3939 optstos
1251 3861 1394 3919 entistites
1414 3861 1511 3918 secreti
1526 3853 1566 3914 loci

360 3949 585 4024 preestitesunts
605 3951 641 4004 ite
661 3959 693 4006 at
711 3969 778 4006 cum
797 3961 944 4006 senectute
964 3949 1049 4006 soluti
1071 3963 1186 4018 essent,
1205 3953 1235 4008 in
1254 3952 1370 4008 esboses
1389 3961 1568 4009 converteren-

360 4053 424 4108 tue,
443 4055 475 4098 nt
494 4039 642 4112 Philemon
668 4041 780 4100 sederet
812 4042 842 4098 in
867 4041 992 4107 illicem,
1022 4043 1171 4104 Bsucisin
1192 4043 1291 4102 tilium.
1325 4044 1568 4123 oppidantium

359 4151 478 4200 eornm.
502 4133 579 4210 quod
606 4146 733 4192 ceetesos
753 4135 829 4193 cives
853 4134 1037 4216 inhospitales
1068 4136 1221 4206 hebuerit,
1244 4156 1381 4216 equarum
1410 4135 1569 4196 multitudine

360 4223 513 4293 obrutum,
530 4236 664 4302 stagnum
685 4225 792 4282 iactum
813 4238 868 4283 est.

418 4318 484 4370 on.
504 4315 622 4372 fectum
643 4315 780 4373 mitsbile.
800 4317 905 4372 Malim
926 4315 1036 4387 iatum,
1060 4330 1092 4375 ut
1110 4328 1138 4377 et
1156 4317 1205 4376 lib.
1225 4319 1280 4376 tx.

489 4405 622 4482 Dumque
642 4407 731 4464 celest
750 4407 809 4466 lille
832 4408 921 4465 istum
943 4409 1082 4468 miesbile.

358 4516 425 4556 nom
445 4497 554 4558 lectum
573 4497 701 4558 mirabile
721 4507 828 4560 veteres
846 4501 907 4560 illic
925 4503 1065 4582 plerique.
