<?xml version="1.0" encoding="UTF-8"?>
<!DOCTYPE html PUBLIC "-//W3C//DTD XHTML 1.0 Transitional//EN"
    "http://www.w3.org/TR/xhtml1/DTD/xhtml1-transitional.dtd">
<html xmlns="http://www.w3.org/1999/xhtml" xml:lang="en" lang="en">
 <head>
  <title>
</title>
<meta http-equiv="Content-Type" content="text/html;charset=utf-8" />
  <meta name='ocr-system' content='tesseract 3.04.00' />
  <meta name='ocr-capabilities' content='ocr_page ocr_carea ocr_par ocr_line ocrx_word'/>
</head>
<body>
  <div class='ocr_page' id='page_1' title='image "./povidiinasonism04angugoog_0566.png"; bbox 0 0 3250 5256; ppageno 0'>
   <div class='ocr_carea' id='block_1_1' title="bbox 373 367 1091 481">
    <p class='ocr_par' dir='ltr' id='par_1_1' title="bbox 373 367 1091 481">
     <span class='ocr_line' id='line_1_1' title="bbox 373 367 1091 481; baseline 0 -25"><span class='ocrx_word' id='word_1_1' title='bbox 373 367 457 481; x_wconf 77' lang='lat'><em>554</em></span> <span class='ocrx_word' id='word_1_2' title='bbox 706 394 743 455; x_wconf 81' lang='lat' dir='ltr'><em>r.</em></span> <span class='ocrx_word' id='word_1_3' title='bbox 770 395 897 456; x_wconf 73' lang='lat' dir='ltr'><em>ormo</em></span> <span class='ocrx_word' id='word_1_4' title='bbox 924 393 1091 456; x_wconf 77' lang='lat' dir='ltr'><em>ersom</em></span> 
     </span>
    </p>
   </div>
   <div class='ocr_carea' id='block_1_2' title="bbox 202 513 1508 1308">
    <p class='ocr_par' dir='ltr' id='par_1_2' title="bbox 202 513 1508 1079">
     <span class='ocr_line' id='line_1_2' title="bbox 202 513 1371 630; baseline -0.003 -29"><span class='ocrx_word' id='word_1_5' title='bbox 202 589 208 601; x_wconf 96' lang='lat'><em>.</em></span> <span class='ocrx_word' id='word_1_6' title='bbox 286 513 535 602; x_wconf 76' lang='lat' dir='ltr'><em>&#39;Sistrorume</em></span> <span class='ocrx_word' id='word_1_7' title='bbox 553 513 803 628; x_wconf 75' lang='lat' dir='ltr'><em>memorique</em></span> <span class='ocrx_word' id='word_1_8' title='bbox 820 515 961 598; x_wconf 86' lang='lat' dir='ltr'><em>auimo</em></span> <span class='ocrx_word' id='word_1_9' title='bbox 979 531 1052 597; x_wconf 86' lang='lat' dir='ltr'><em>tua</em></span> <span class='ocrx_word' id='word_1_10' title='bbox 1058 513 1187 630; x_wconf 75' lang='lat' dir='ltr'><em>jeuso</em></span> <span class='ocrx_word' id='word_1_11' title='bbox 1204 515 1371 598; x_wconf 80' lang='lat' dir='ltr'><em>notaui·</em></span> 
     </span>
     <span class='ocr_line' id='line_1_3' title="bbox 294 625 1490 740; baseline 0.002 -29"><span class='ocrx_word' id='word_1_12' title='bbox 294 627 424 740; x_wconf 84' lang='lat' dir='ltr'><em>Quod</em></span> <span class='ocrx_word' id='word_1_13' title='bbox 438 625 556 712; x_wconf 84' lang='lat' dir='ltr'><em>uidet</em></span> <span class='ocrx_word' id='word_1_14' title='bbox 574 625 677 709; x_wconf 82' lang='lat' dir='ltr'><em>liaeo</em></span> <span class='ocrx_word' id='word_1_15' title='bbox 695 627 846 724; x_wconf 85' lang='lat' dir='ltr'><em>lucem,</em></span> <span class='ocrx_word' id='word_1_16' title='bbox 867 625 983 740; x_wconf 86' lang='lat' dir='ltr'><em>quod</em></span> <span class='ocrx_word' id='word_1_17' title='bbox 997 656 1080 711; x_wconf 86' lang='lat' dir='ltr'><em>nou</em></span> <span class='ocrx_word' id='word_1_18' title='bbox 1098 657 1178 740; x_wconf 75' lang='lat' dir='ltr'><em>ego</em></span> <span class='ocrx_word' id='word_1_19' title='bbox 1189 629 1351 734; x_wconf 83' lang='lat' dir='ltr'><em>puru’or</em></span> <span class='ocrx_word' id='word_1_20' title='bbox 1372 627 1490 740; x_wconf 77' lang='lat' dir='ltr'><em>ipsu3</em></span> 
     </span>
     <span class='ocr_line' id='line_1_4' title="bbox 292 739 1488 852; baseline -0.002 -26"><span class='ocrx_word' id='word_1_21' title='bbox 292 741 519 826; x_wconf 80' lang='lat' dir='ltr'><em>Consilium</em></span> <span class='ocrx_word' id='word_1_22' title='bbox 539 743 816 852; x_wconf 82' lang='lat' dir='ltr'><em>monitumque</em></span> <span class='ocrx_word' id='word_1_23' title='bbox 833 758 948 822; x_wconf 87' lang='lat' dir='ltr'><em>tuum</em></span> <span class='ocrx_word' id='word_1_24' title='bbox 966 759 1052 824; x_wconf 83' lang='lat' dir='ltr'><em>eet:</em></span> <span class='ocrx_word' id='word_1_25' title='bbox 1073 743 1261 824; x_wconf 78' lang='lat' dir='ltr'><em>miserere</em></span> <span class='ocrx_word' id='word_1_26' title='bbox 1286 739 1488 842; x_wconf 85' lang='lat' dir='ltr'><em>duorum,</em></span> 
     </span>
     <span class='ocr_line' id='line_1_5' title="bbox 294 854 1508 967; baseline 0.002 -30"><span class='ocrx_word' id='word_1_27' title='bbox 294 854 553 965; x_wconf 75' lang='lat' dir='ltr'><em>Auxilioque</em></span> <span class='ocrx_word' id='word_1_28' title='bbox 561 855 686 965; x_wconf 80' lang='lat' dir='ltr'><em>juvo:</em></span> <span class='ocrx_word' id='word_1_29' title='bbox 707 854 907 938; x_wconf 80' lang='lat' dir='ltr'><em>lacrimae</em></span> <span class='ocrx_word' id='word_1_30' title='bbox 923 873 1022 936; x_wconf 85' lang='lat' dir='ltr'><em>suut</em></span> <span class='ocrx_word' id='word_1_31' title='bbox 1038 857 1165 936; x_wconf 64' lang='lat' dir='ltr'><em>uerba</em></span> <span class='ocrx_word' id='word_1_32' title='bbox 1189 871 1373 938; x_wconf 82' lang='lat' dir='ltr'><em>secutae.</em></span> <span class='ocrx_word' id='word_1_33' title='bbox 1427 854 1508 967; x_wconf 86' lang='lat'><em>780</em></span> 
     </span>
     <span class='ocr_line' id='line_1_6' title="bbox 293 965 1371 1079; baseline 0.001 -30"><span class='ocrx_word' id='word_1_34' title='bbox 293 967 399 1056; x_wconf 87' lang='lat' dir='ltr'><em>Visa</em></span> <span class='ocrx_word' id='word_1_35' title='bbox 418 966 515 1049; x_wconf 84' lang='lat' dir='ltr'><em>Deo</em></span> <span class='ocrx_word' id='word_1_36' title='bbox 533 983 594 1050; x_wconf 89' lang='lat' dir='ltr'><em>est</em></span> <span class='ocrx_word' id='word_1_37' title='bbox 615 970 787 1052; x_wconf 80' lang='lat' dir='ltr'><em>mouisse</em></span> <span class='ocrx_word' id='word_1_38' title='bbox 806 995 906 1050; x_wconf 88' lang='lat' dir='ltr'><em>suus</em></span> <span class='ocrx_word' id='word_1_39' title='bbox 924 967 942 1079; x_wconf 92' lang='lat'>(</span> <span class='ocrx_word' id='word_1_40' title='bbox 962 984 1002 1048; x_wconf 88' lang='lat' dir='ltr'><em>et</em></span> <span class='ocrx_word' id='word_1_41' title='bbox 1020 986 1199 1052; x_wconf 81' lang='lat' dir='ltr'><em>mouerat</em></span> <span class='ocrx_word' id='word_1_42' title='bbox 1218 965 1237 1077; x_wconf 94' lang='lat'>)</span> <span class='ocrx_word' id='word_1_43' title='bbox 1255 996 1371 1050; x_wconf 81' lang='lat' dir='ltr'><em>oras.</em></span> 
     </span>
    </p>

    <p class='ocr_par' dir='ltr' id='par_1_3' title="bbox 291 1077 1368 1308">
     <span class='ocr_line' id='line_1_7' title="bbox 291 1077 1309 1194; baseline -0.002 -30"><span class='ocrx_word' id='word_1_44' title='bbox 291 1077 354 1164; x_wconf 88' lang='lat' dir='ltr'><em>Et</em></span> <span class='ocrx_word' id='word_1_45' title='bbox 374 1080 516 1190; x_wconf 85' lang='lat' dir='ltr'><em>templi</em></span> <span class='ocrx_word' id='word_1_46' title='bbox 533 1085 727 1162; x_wconf 63' lang='lat' dir='ltr'><em>tremuere</em></span> <span class='ocrx_word' id='word_1_47' title='bbox 743 1081 868 1186; x_wconf 80' lang='lat' dir='ltr'><em>fores,</em></span> <span class='ocrx_word' id='word_1_48' title='bbox 882 1082 1124 1194; x_wconf 69' lang='lat' dir='ltr'><em>imitataque</em></span> <span class='ocrx_word' id='word_1_49' title='bbox 1145 1085 1309 1166; x_wconf 85' lang='lat' dir='ltr'><em>Lunum</em></span> 
     </span>
     <span class='ocr_line' id='line_1_8' title="bbox 292 1189 1368 1308; baseline 0.001 -32"><span class='ocrx_word' id='word_1_50' title='bbox 292 1189 458 1276; x_wconf 85' lang='lat' dir='ltr'><em>Cornua</em></span> <span class='ocrx_word' id='word_1_51' title='bbox 466 1193 680 1303; x_wconf 81' lang='lat' dir='ltr'><em>fulserunt</em></span> <span class='ocrx_word' id='word_1_52' title='bbox 694 1233 708 1294; x_wconf 91' lang='lat'><em>;</em></span> <span class='ocrx_word' id='word_1_53' title='bbox 726 1197 964 1308; x_wconf 78' lang='lat' dir='ltr'><em>crepuitque</em></span> <span class='ocrx_word' id='word_1_54' title='bbox 981 1195 1167 1280; x_wconf 83' lang='lat' dir='ltr'><em>sonabile</em></span> <span class='ocrx_word' id='word_1_55' title='bbox 1184 1195 1368 1279; x_wconf 84' lang='lat' dir='ltr'><em>sistrum.</em></span> 
     </span>
    </p>
   </div>
   <div class='ocr_carea' id='block_1_3' title="bbox 281 4118 1514 4480">
    <p class='ocr_par' dir='ltr' id='par_1_4' title="bbox 281 4118 1514 4480">
     <span class='ocr_line' id='line_1_9' title="bbox 340 4118 1510 4208; baseline 0.012 -34"><span class='ocrx_word' id='word_1_56' title='bbox 340 4120 406 4191; x_wconf 79' lang='lat'><strong>783.</strong></span> <span class='ocrx_word' id='word_1_57' title='bbox 424 4118 600 4198; x_wconf 72' lang='lat' dir='ltr'><em>crepuitque</em></span> <span class='ocrx_word' id='word_1_58' title='bbox 618 4120 745 4180; x_wconf 69' lang='lat' dir='ltr'><em>sonabile</em></span> <span class='ocrx_word' id='word_1_59' title='bbox 765 4125 889 4184; x_wconf 83' lang='lat' dir='ltr'><em>eietrum.</em></span> <span class='ocrx_word' id='word_1_60' title='bbox 905 4129 1019 4184; x_wconf 74' lang='lat' dir='ltr'><em>Dextra</em></span> <span class='ocrx_word' id='word_1_61' title='bbox 1030 4126 1152 4202; x_wconf 75' lang='lat' dir='ltr'><em>serebat</em></span> <span class='ocrx_word' id='word_1_62' title='bbox 1164 4147 1283 4186; x_wconf 77' lang='lat' dir='ltr'><em>aereum</em></span> <span class='ocrx_word' id='word_1_63' title='bbox 1304 4133 1510 4208; x_wconf 75' lang='lat' dir='ltr'><em>crepitaculum</em></span> 
     </span>
     <span class='ocr_line' id='line_1_10' title="bbox 281 4209 1514 4300; baseline 0.012 -37"><span class='ocrx_word' id='word_1_64' title='bbox 281 4209 770 4290; x_wconf 73' lang='lat' dir='ltr'><em>crq&#39;uspereogustomlumiuam</em></span> <span class='ocrx_word' id='word_1_65' title='bbox 791 4218 955 4275; x_wconf 78' lang='lat' dir='ltr'><em>immodum</em></span> <span class='ocrx_word' id='word_1_66' title='bbox 986 4221 1102 4275; x_wconf 79' lang='lat' dir='ltr'><em>Baltltei</em></span> <span class='ocrx_word' id='word_1_67' title='bbox 1133 4232 1348 4292; x_wconf 76' lang='lat' dir='ltr'><em>recurvatam,</em></span> <span class='ocrx_word' id='word_1_68' title='bbox 1377 4225 1514 4300; x_wconf 69' lang='lat' dir='ltr'><em>trajectae</em></span> 
     </span>
     <span class='ocr_line' id='line_1_11' title="bbox 281 4301 1512 4387; baseline 0.014 -35"><span class='ocrx_word' id='word_1_69' title='bbox 281 4301 393 4356; x_wconf 79' lang='lat' dir='ltr'><em>mediae</em></span> <span class='ocrx_word' id='word_1_70' title='bbox 410 4321 526 4376; x_wconf 73' lang='lat' dir='ltr'><em>paucae</em></span> <span class='ocrx_word' id='word_1_71' title='bbox 545 4305 696 4381; x_wconf 80' lang='lat' dir='ltr'><em>virgulae,</em></span> <span class='ocrx_word' id='word_1_72' title='bbox 716 4315 863 4385; x_wconf 79' lang='lat' dir='ltr'><em>crispante</em></span> <span class='ocrx_word' id='word_1_73' title='bbox 884 4309 1000 4366; x_wconf 76' lang='lat' dir='ltr'><em>breelrio</em></span> <span class='ocrx_word' id='word_1_74' title='bbox 1022 4316 1193 4386; x_wconf 74' lang='lat' dir='ltr'><em>tergeminos</em></span> <span class='ocrx_word' id='word_1_75' title='bbox 1210 4313 1337 4387; x_wconf 79' lang='lat' dir='ltr'><em>jactus,</em></span> <span class='ocrx_word' id='word_1_76' title='bbox 1358 4319 1512 4370; x_wconf 72' lang='lat' dir='ltr'><em>redde-lieet</em></span> 
     </span>
     <span class='ocr_line' id='line_1_12' title="bbox 283 4401 1511 4480; baseline 0.009 -33"><span class='ocrx_word' id='word_1_77' title='bbox 283 4405 420 4468; x_wconf 79' lang='lat' dir='ltr'><em>argutum</em></span> <span class='ocrx_word' id='word_1_78' title='bbox 439 4414 578 4452; x_wconf 74' lang='lat' dir='ltr'><em>torrorem.</em></span> <span class='ocrx_word' id='word_1_79' title='bbox 600 4401 686 4470; x_wconf 82' lang='lat' dir='ltr'><em>Apul.</em></span> <span class='ocrx_word' id='word_1_80' title='bbox 701 4401 739 4457; x_wconf 86' lang='lat' dir='ltr'><em>de</em></span> <span class='ocrx_word' id='word_1_81' title='bbox 761 4401 838 4458; x_wconf 75' lang='lat' dir='ltr'><em>Iside</em></span> <span class='ocrx_word' id='word_1_82' title='bbox 859 4403 960 4460; x_wconf 73' lang='lat' dir='ltr'><em>lton.</em></span> <span class='ocrx_word' id='word_1_83' title='bbox 983 4403 1177 4477; x_wconf 70' lang='lat' dir='ltr'><em>Metamorplu</em></span> <span class='ocrx_word' id='word_1_84' title='bbox 1208 4405 1286 4479; x_wconf 80' lang='lat' dir='ltr'><em>(tuin</em></span> <span class='ocrx_word' id='word_1_85' title='bbox 1307 4417 1337 4461; x_wconf 89' lang='lat' dir='ltr'><em>et</em></span> <span class='ocrx_word' id='word_1_86' title='bbox 1357 4411 1438 4462; x_wconf 76' lang='lat' dir='ltr'><em>eirtrr&#39;</em></span> <span class='ocrx_word' id='word_1_87' title='bbox 1446 4405 1511 4480; x_wconf 80' lang='lat' dir='ltr'><em>sor·</em></span> 
     </span>
    </p>
   </div>
   <div class='ocr_carea' id='block_1_4' title="bbox 283 4489 1511 4571">
    <p class='ocr_par' dir='ltr' id='par_1_5' title="bbox 283 4489 1511 4571">
     <span class='ocr_line' id='line_1_13' title="bbox 283 4489 1511 4571; baseline 0.009 -29"><span class='ocrx_word' id='word_1_88' title='bbox 283 4505 360 4548; x_wconf 82' lang='lat' dir='ltr'><em>mam</em></span> <span class='ocrx_word' id='word_1_89' title='bbox 379 4501 407 4548; x_wconf 90' lang='lat' dir='ltr'><em>et</em></span> <span class='ocrx_word' id='word_1_90' title='bbox 421 4489 539 4563; x_wconf 76' lang='lat' dir='ltr'><em>formae</em></span> <span class='ocrx_word' id='word_1_91' title='bbox 558 4496 713 4555; x_wconf 75' lang='lat' dir='ltr'><em>rationem,</em></span> <span class='ocrx_word' id='word_1_92' title='bbox 730 4495 794 4552; x_wconf 82' lang='lat' dir='ltr'><em>vide</em></span> <span class='ocrx_word' id='word_1_93' title='bbox 815 4495 896 4571; x_wconf 74' lang='lat' dir='ltr'><em>apud</em></span> <span class='ocrx_word' id='word_1_94' title='bbox 918 4497 1066 4554; x_wconf 74' lang='lat' dir='ltr'><em>Plutarch.</em></span> <span class='ocrx_word' id='word_1_95' title='bbox 1084 4501 1113 4553; x_wconf 80' lang='lat' dir='ltr'><em>ie</em></span> <span class='ocrx_word' id='word_1_96' title='bbox 1133 4499 1182 4555; x_wconf 83' lang='lat' dir='ltr'><em>tto.</em></span> <span class='ocrx_word' id='word_1_97' title='bbox 1202 4497 1240 4554; x_wconf 79' lang='lat' dir='ltr'><em>elo</em></span> <span class='ocrx_word' id='word_1_98' title='bbox 1260 4501 1341 4556; x_wconf 81' lang='lat' dir='ltr'><em>iside</em></span> <span class='ocrx_word' id='word_1_99' title='bbox 1352 4511 1384 4556; x_wconf 90' lang='lat' dir='ltr'><em>et</em></span> <span class='ocrx_word' id='word_1_100' title='bbox 1397 4501 1511 4556; x_wconf 74' lang='lat' dir='ltr'><em>ostride.</em></span> 
     </span>
    </p>
   </div>
   <div class='ocr_carea' id='block_1_5' title="bbox 0 0 1641 5256">
    <p class='ocr_par' dir='ltr' id='par_1_6' title="bbox 0 0 1641 5256">
     <span class='ocr_line' id='line_1_14' title="bbox 0 0 1641 5256; baseline 0 0"><span class='ocrx_word' id='word_1_101' title='bbox 0 0 1641 5256; x_wconf 95' lang='lat' dir='ltr'><em> </em></span> 
     </span>
    </p>
   </div>
  </div>
 </body>
</html>
