3274 5248
402 299 484 386 322
733 321 767 380 r.
795 317 925 380 ovsou
952 315 1115 379 sescus

320 449 452 560 Qrtem
469 442 556 530 Dts
573 441 800 552 hospitibus
817 437 981 522 domini
995 451 1178 519 mactare
1190 433 1427 544 parabant.-
1456 421 1527 514 685

316 565 395 647 Ille
413 561 524 645 celer
533 555 678 669 penna*
697 551 842 636 tardos
858 565 995 634 aetate
1002 551 1186 658 fatigat,

315 672 549 784 Eluditque
567 668 642 752 diu
650 707 663 766 ;
677 663 925 776 tandemque
942 679 1004 746 est
1029 663 1149 744 visus
1169 657 1230 743 ad
1245 660 1362 769 ipsos

321 785 570 901 Confugisse
589 783 717 866 Deos.
738 779 887 889 Superi
902 792 1060 859 cauere
1079 774 1250 873 necari;

317 901 460 1014 Dique
476 924 631 995 sumus,
650 894 898 1003 meritasque
916 889 1002 970 luet
1019 889 1185 972 vicinia
1198 915 1309 996 poen
1316 918 1367 972 cs

317 1015 465 1125 Impia,
484 1011 713 1094 ds'xerunt:
732 1006 843 1090 vobis
861 1003 1112 1086 immunibus
1132 1000 1256 1114 hujus
1460 997 1528 1111 690

220 1121 224 1132 ’
273 1211 278 1224 ,
318 1127 430 1214 Esse
448 1123 551 1208 mali
567 1121 754 1218 dabitur;
773 1116 894 1202 modc
912 1132 1056 1198 uestra
1075 1115 1177 1198 rehu
1210 1116 1294 1198 uite
1318 1131 1452 1219 tecto,

318 1239 392 1326 Ac
408 1256 571 1328 nostros
589 1235 783 1318 comitate
797 1226 972 1342 gradus,
992 1245 1032 1311 et
1050 1231 1096 1310 in
1112 1145 1250 1311 arbro
1269 1231 1426 1314 montis

301 1355 382 1439 ‘Ite
397 1351 533 1438 simul.
555 1354 713 1438 Parent
729 1346 862 1445 ambo,
881 1341 1127 1458 baculisque
1144 1341 1281 1426 levati

369 3255 433 3327 693.
452 3253 494 3310 lte
514 3249 610 3309 simul:
633 3260 732 3328 pereat
743 3273 753 3320 ς
772 3260 801 3308 et
819 3248 873 3311 Dls
892 3247 1095 3328 praeeuntibus
1116 3247 1200 3308 ambo

442 3342 568 3402 Membra
588 3339 687 3404 lerant
707 3340 829 3400 baculis:
851 3341 981 3420 tardique
1000 3339 1138 3399 senilibus
1156 3340 1240 3400 souis

444 3435 581 3494 Nitamur
600 3431 686 3513 longo
705 3435 820 3512 vestigia
841 3443 946 3512 ponere
967 3431 1051 3492 clivo.

371 3529 481 3587 Versus
500 3527 609 3584 medius
622 3531 651 3584 in
671 3530 777 3603 optineo
797 3528 966 3586 Florentino
984 3532 1015 3585 S.
1034 3530 1141 3596 Marci,
1160 3525 1264 3602 Neap„
1284 3527 1426 3602 Spirensi,
1441 3535 1470 3582 et
1480 3541 1530 3582 una

293 3616 462 3698 medicea,
481 3641 568 3679 nanu
599 3623 751 3678 recentiori
768 3619 933 3697 adscriptus
952 3631 995 3678 est
1015 3621 1163 3697 margini,
1193 3629 1223 3678 et
1252 3630 1325 3696 puto
1357 3619 1532 3678 tollentium:

315 3717 425 3790 primus
442 3719 483 3772 sie
502 3716 532 3770 in
551 3713 649 3771 eodem
669 3715 699 3769 S.
720 3716 818 3770 Marci
836 3714 935 3770 codice
953 3713 1161 3783 exhibebatur,

447 3807 490 3864 Ite
509 3805 615 3864 simul:
635 3815 736 3887 parent
756 3806 856 3874 ambo,
879 3805 1043 3882 baculisque
1065 3804 1169 3866 levatis

314 3913 368 3971 pra
386 3893 491 3960 lessti,
509 3895 586 3974 quod
605 3896 734 3952 disertins
753 3899 895 3973 Spirensis
913 3899 1064 3974 agnoscit3
1084 3907 1173 3974 atque
1193 3899 1235 3952 ita
1250 3899 1278 3952 in
1299 3897 1426 3972 Neapol.
1450 3897 1529 3952 etian

315 3983 429 4041 uidetur
450 3995 602 4044 exaratum
613 3987 734 4064 fuisse,
754 3997 820 4046 erat
838 3991 912 4045 enirn
942 4007 1027 4044 erasa
1047 3997 1129 4044 uetus
1155 3988 1260 4045 lectio:
1295 3987 1391 4055 illud,
1413 3987 1537 4060 tardique

315 4073 452 4135 senilibus
470 4066 529 4136 sno
566 4119 575 4146 ,
608 4081 759 4156 nugatorie
790 4093 976 4136 commentum
994 4088 1056 4147 est,
1078 4097 1146 4134 nam
1166 4082 1246 4136 senia
1277 4077 1426 4154 consectas
1446 4075 1537 4150 suisse

315 4176 375 4226 tans
393 4077 631 4250 Baucidaxuans
651 4173 841 4232 Philemonem
860 4173 923 4252 iaus
945 4191 1036 4250 supra
1054 4192 1111 4233 uon
1130 4173 1217 4230 semel
1235 4183 1408 4243 resonuerat,
1422 4173 1537 4247 janque

313 4267 344 4314 et
362 4259 457 4318 usdos
485 4274 576 4320 aetate
607 4273 747 4336 vocara83
765 4283 817 4324 nec
848 4285 920 4340 opus
939 4285 975 4323 ea
994 4264 1046 4323 Dls
1078 4264 1390 4344 praeeuntibus,cuns
1410 4275 1439 4322 et
1468 4265 1538 4320 Deo-⁸

308 4351 430 4426 jussisse
449 4363 480 4408 ut
493 4370 524 4410 se
542 4357 757 4422 comitarentur,
776 4365 806 4412 et
825 4356 890 4412 iilos
908 4361 1040 4433 paruisse
1070 4357 1270 4434 praemiserit:
1288 4373 1342 4432 pro
1374 4355 1473 4412 tribus'
1485 4354 1538 4406 lle·

313 4462 369 4520 aue
387 4447 512 4503 versibus
530 4444 608 4518 dua,
628 4464 699 4525 auos
717 4447 897 4506 exhibuimus
916 4451 944 4506 in
964 4457 1123 4516 contestu,
1143 4456 1210 4506 sunt
1237 4445 1404 4532 repanqi.

1310 4576 1367 4635 *2-
