3258 5258
378 245 457 342 ¹04
716 257 750 314 Ρ.
771 257 899 316 otton
918 253 1083 323 ussouts

285 383 473 476 Pressit,
492 396 532 464 et
551 379 738 496 ignauos
756 377 930 460 inclusit
947 377 1125 459 nubibus
1142 393 1297 462 aestus.

286 499 483 608 Dumque
503 493 823 684 qttaterl‘unctis
839 488 1030 600 implevit
1048 489 1245 572 cornibus
1264 491 1399 575 orbem
1419 489 1497 579 530

286 611 437 708 Luna,·
457 622 604 718 quater
613 634 644 715 p
662 635 782 686 enum
801 618 971 686 tenuata
988 605 1172 684 retexuit
1188 606 1344 700 orbem,

284 723 481 830 Letiferis
500 717 637 800 calidi
649 717 862 827 spirarunt
865 715 1050 830 flatibus
1068 715 1233 801 Austri.

291 835 464 920 Constat
484 847 522 914 et
541 833 586 914 in
594 832 739 940 fontes
759 832 902 916 uitium
921 830 1109 922 venisse,
1130 829 1359 943 Inousque3

286 947 512 1058 Milliuque
533 943 716 1026 incultos
733 959 965 1053 serpentum
984 942 1116 1023 multo
1126 971 1208 1049 pet·
1222 973 1351 1056 agros

282 1059 478 1156 Errasse;
496 1074 618 1170 atque
637 1054 891 1170 suisfluvios
910 1058 1131 1138 temertisse
1149 1059 1335 1141 venenis.
1409 1055 1496 1142 535

285 1173 435 1284 Strage
444 1169 751 1276 canumprimd,
759 1169 1069 1281 uolucrumque,
1078 1170 1304 1282 oviumque,
1313 1173 1530 1284 boumque,

284 1286 415 1395 Inque
422 1283 534 1393 feris
551 1281 680 1364 subiti
694 1279 896 1391 deprenso
908 1282 1097 1389 potentia
1116 1283 1258 1367 morbi.

289 1395 515 1481 Concidere
532 1387 689 1504 infolio}
708 1391 870 1479 validos
889 1394 1065 1477 miratur
1079 1409 1226 1477 orator

339 3811 405 3866 ⁵33.
424 3807 545 3865 Vitium.
565 3811 652 3866 Ai'ris
682 3815 902 3889 corruptionem.
926 3812 1055 3868 Constat.
1083 3809 1159 3883 Quin
1182 3817 1210 3864 el
1238 3825 1317 3884 aqua
1351 3809 1508 3884 eorrumpi·

281 3911 329 3960 tur
348 3903 455 3976 purtim
475 3903 542 3955 vitio
561 3905 659 3974 airis,
679 3909 785 3978 partim
817 3909 967 3964 venenosis
996 3903 1183 3979 serpentibus.

341 3997 403 4050 536.
424 3992 522 4068 Strage
542 4003 644 4052 cunum
667 3995 765 4072 primo·
785 4003 866 4057 Haec
885 4019 923 4054 esc
941 4005 1033 4074 primo
1052 3997 1164 4052 lliaclos
1183 4002 1299 4066 sumpta
1330 4012 1393 4050 esse
1412 3993 1506 4049 viden·

283 4096 349 4155 tur,
369 4085 436 4140 itam
456 4089 597 4144 Homerus
616 4099 723 4164 pestem
742 4095 771 4146 in
791 4095 948 4150 exereitum
970 4095 1146 4148 Graecorum
1167 4087 1311 4162 Apollinis
1331 4089 1376 4141 ira
1398 4091 1503 4143 immis-
1608 4131 1611 4139 .

280 4199 343 4237 sum
362 4179 538 4242 describens.
567 4184 671 4237 asserit
690 4187 782 4258 primo
802 4205 888 4243 canes
907 4187 1053 4262 mulosque
1073 4183 1223 4251 interiisse.
1247 4179 1356 4250 Strage.
1377 4181 1504 4236 Pecudes

280 4269 322 4326 ad
341 4279 447 4325 terram
466 4289 577 4345 pronae
596 4281 624 4328 el
643 4272 757 4330 cerebro
771 4279 863 4332 minus
871 4275 1012 4350 frigidae
1031 4261 1115 4353 quant
1128 4271 1263 4340 homines,
1283 4258 1345 4340 'tole
1369 4261 1506 4337 νὸσωδεῖς

280 4361 386 4454 ituit
406 4371 592 4444 hauriebant,
612 4383 641 4430 et
659 4391 698 4432 ex
715 4377 760 4432 liis
777 4379 899 4452 primum
920 4378 1021 4456 quibus
1039 4375 1133 4434 odora
1152 4375 1202 4431 vis.
