3290 5260
399 343 479 402 202
734 341 768 400 P.
788 343 918 402 0va
935 339 1101 402 utsottts

315 457 453 654 guum
466 473 598 566 puter
611 473 659 540 ut
678 456 813 552 vidit,
831 456 850 572 (
865 486 963 540 nam
972 457 1067 570 jum
1081 453 1290 567 pendebat
1308 454 1354 535 iu
1372 476 1519 548 ouras,

361 569 518 654 tmodo
526 572 680 680 fuctus
698 587 787 652 erat
794 571 939 680 fistois
956 571 1166 680 Halyaee't
1173 597 1221 654 os
1239 563 1354 679 abs)
1445 561 1521 670 146

315 685 429 777 Ibut,
449 700 494 764 ut
513 685 746 768 imerentem
765 699 898 768 rostro
916 682 1095 764 laniaret
1113 679 1293 766 omento.

314 795 399 877 Illa
418 813 530 878 metu
543 800 714 907 puppim
733 794 926 882 dimittit.-
943 811 990 877 ut
1007 825 1113 880 aura
1131 793 1351 879 cadentem

314 909 570 992 Sustinuisse
587 911 712 1004 levis,
731 939 782 992 ne
800 925 988 1022 tangeret
1004 935 1208 1020 aequora,
1227 910 1326 992 viso
1343 919 1417 988 est.

316 1022 471 1105 Pluma
478 1023 589 1131 fuit:
602 1023 757 1132 plumis
774 1025 821 1104 in
839 1049 963 1103 ovem
982 1036 1140 1102 mutata
1158 1038 1331 1105 uocatur
1445 1009 1522 1100 150

318 1130 452 1231 Ciris;
470 1149 509 1214 et
528 1141 556 1217 ὰ
574 1151 694 1218 tonso
711 1151 774 1217 est
785 1137 864 1218 boc
882 1163 1029 1216 nomen
1047 1132 1201 1244 adeptu
1220 1131 1389 1244 capilio.

374 1248 485 1334 Vota
501 1246 600 1331 Jooi
615 1247 762 1330 Minos
781 1265 993 1329 taurorum
1011 1273 1187 1354 corpora
1204 1263 1367 1330 centum

315 1359 480 1451 Solvit,
499 1375 544 1439 ut
561 1387 751 1472 egressus
767 1361 928 1442 ratibus
949 1356 1147 1445 Curetida
1165 1374 1317 1440 terrum

367 1539 429 1608 ste·
460 1533 642 1612 Hsiyeeetns.
663 1537 779 1610 Species
789 1544 832 1594 est
845 1535 974 1614 aquiiae,
992 1536 1154 1592 clarissima
1166 1535 1314 1592 mulorum
1326 1535 1402 1598 acie,
1421 1527 1532 1588 librans

307 1647 345 1684 en
364 1627 428 1684 aito
446 1645 529 1695 sese,
547 1630 665 1706 uisoque
692 1631 771 1704 pisce
790 1631 820 1686 in
839 1632 915 1702 nari
933 1646 1072 1704 praeceps
1097 1631 1127 1684 in
1147 1647 1212 1686 eum
1230 1645 1332 1696 ruens,
1349 1633 1379 1682 et
1397 1623 1532 1682 discussis

306 1725 424 1793 pectore
443 1721 528 1788 aquis
555 1723 691 1796 rapiens..
916 1756 918 1764 =

372 1815 435 1868 150.
453 1811 562 1869 Pluma.
582 1813 670 1870 Nisus
681 1811 752 1870 dum
760 1812 862 1888 fiiiaes
881 1815 1070 1890 persequitur.
1085 1822 1117 1870 ut
1130 1811 1215 1870 babet
1235 1815 1370 1888 Hyginus
1379 1807 1450 1884 sab.
1468 1811 1531 1882 ¹9⁸·

309 1901 338 1954 iu
358 1897 546 1972 batyaeeton,
566 1902 598 1958 id
616 1911 675 1970 est,
694 1903 824 1979 aquilam
844 1905 985 1959 murinam
998 1922 1095 1961 versus
1107 1912 1159 1960 est.
1178 1903 1279 1978 Scylla
1289 1901 1359 1979 fitia
1373 1904 1403 1956 in
1422 1900 1528 1974 piscem

307 2009 389 2065 quern
407 1993 484 2048 Cirin
497 2003 612 2050 vocant.-
625 1992 710 2052 bodie
728 1995 755 2050 si
773 1993 889 2070 quando
910 1996 971 2050 auis
985 2013 1021 2049 ea
1039 1998 1144 2068 piscem
1156 1995 1238 2049 iilum
1250 2000 1398 2048 natantem
1412 2007 1531 2064 conspe·

266 2117 270 2122 —
307 2085 400 2153 uerit,
410 2085 498 2140 mittit
510 2103 541 2140 se
560 2087 589 2139 in
601 2105 725 2162 aquam,
745 2095 917 2162 raptumque
930 2085 1071 2162 unguibus
1083 2085 1218 2142 dilaniat.
1231 2089 1264 2140 In
1278 2103 1359 2139 auem
1372 2083 1435 2138 aiii.
1464 2083 1532 2140 Vir·

305 2173 357 2248 git.
381 2195 405 2231 ι.
426 2176 530 2252 Georp.
549 2175 585 2232 Et
604 2196 658 2254 pro
677 2196 821 2255 purpureo
841 2195 949 2254 poenae
966 2175 1016 2234 dat
1035 2174 1129 2253 Scyiie
1150 2173 1267 2254 capillos
1287 2176 1468 2250 Quocunque
1487 2171 1532 2229 iile

303 2257 395 2323 ierem
409 2261 520 2340 fugiens
531 2277 607 2323 secat
624 2265 737 2324 aethere
759 2267 875 2344 pennis,
888 2287 931 2326 ee.

363 2357 424 2412 15¹.
434 2354 516 2412 Ciris.
535 2343 610 2416 A'no'
631 2347 671 2414 τῦ
688 2347 804 2444 κείρειν,
818 2354 845 2413 b.
857 2358 913 2413 nb
933 2353 1158 2430 tondendo,suit
1170 2354 1330 2432 appellata.
1340 2355 1435 2412 Porro
1447 2369 1532 2430 quae·

303 2463 371 2502 uum
384 2449 447 2503 avis
465 2447 582 2522 proprie
593 2446 630 2502 sit
642 2443 731 2515 Giris,
755 2448 886 2520 apertius
897 2455 951 2502 aut
961 2445 1078 2520 pionius
1091 2446 1162 2502 ab'bi
1172 2463 1313 2522 nusquam
1325 2442 1464 2499 traditur.
1483 2441 1530 2498 En

303 2537 412 2594 nostris
430 2545 514 2604 sunt,
527 2535 577 2614 qui
596 2533 739 2591 alaudam
758 2539 989 2612 interpretentur.
1010 2535 1154 2611 Virgilius
1171 2537 1335 2592 solitarium
1352 2553 1435 2589 avem
1456 2532 1531 2588 bunc

303 2627 420 2684 videtur
428 2627 552 2704 secere,
572 2629 624 2704 uui
640 2629 672 2684 in
689 2628 759 2686 sniis
778 2628 894 2703 rupibus
913 2645 951 2684 ue
968 2629 1095 2702 seopulis
1114 2637 1144 2685 et
1161 2626 1306 2684 littoribus
1336 2627 1477 2694 desertis,
1497 2633 1528 2680 ut

303 2722 365 2794 ipse
383 2723 444 2788 ait,
463 2724 567 2799 erigat
578 2739 698 2790 aevum,
718 2721 824 2778 vertice
836 2723 866 2778 in
879 2722 973 2780 medio
990 2721 1109 2778 aristam
1128 2739 1305 2797 purpuream
1324 2721 1448 2786 babens,
1461 2734 1525 2776 eae·

305 2811 375 2866 teris
392 2810 497 2886 plumis
516 2813 597 2868 varie
618 2811 765 2867 eoloratis.

362 2898 435 2955 Feb.
455 2904 495 2956 11.
524 2901 592 2980 Arg.
616 2903 697 2958 Vota
709 2902 778 2958 Ioui
790 2901 896 2958 Minos.
917 2900 1115 2980 Descriptume
1126 2897 1367 2977 quemadmodum
1388 2898 1531 2958 Ariadnae

304 3011 407 3050 corone
429 2991 459 3048 in
478 2991 565 3069 sydus
585 2990 800 3061 iuiteonrersa,
815 2991 942 3052 breviter
962 3003 1165 3052 commemoret
1184 3010 1217 3049 ea
1236 3011 1310 3069 quae
1330 2991 1365 3049 de
1378 2989 1532 3051 Minotauri

303 3085 392 3143 caede
411 3085 552 3144 ieruntus.
581 3085 675 3142 Minos
693 3083 769 3142 enim
783 3084 940 3143 eitterhoe
958 3085 1068 3144 tributo
1079 3084 1270 3144 Athenienses
1289 3087 1397 3164 pressit,
1411 3096 1443 3143 ut
1454 3101 1531 3142 nono

304 3195 419 3256 queque
438 3196 514 3236 anno
533 3177 746 3254 quatuordecim
767 3177 905 3236 nobilium
925 3176 1024 3248 liberi,
1043 3177 1099 3237 hoe
1117 3192 1161 3238 est
1183 3191 1293 3258 septem
1305 3182 1401 3257 pueri,
1415 3199 1448 3238 ac
1468 3175 1531 3236 toti·

302 3269 369 3327 dem
387 3269 522 3348 virgines,
541 3281 618 3326 sorte
637 3268 716 3328 ducti
730 3269 911 3328 mitterentur
925 3271 955 3328 in
968 3271 1082 3329 Cretam
1096 3270 1257 3330 bfinoteuro
1270 3270 1435 3347 objiciendi.
1458 3268 1533 3326 The·

304 3377 369 3417 sens
388 3358 475 3438 igitur
494 3359 575 3438 AEgei
594 3357 667 3437 regis
687 3357 761 3418 filius
773 3401 782 3428 ,
795 3379 932 3418 sumsere
952 3360 1067 3418 adeum
1087 3359 1283 3439 pervenisset,
1302 3359 1363 3418 sire
1383 3379 1450 3418 cum
1470 3369 1529 3416 ten·

304 3463 366 3510 tum
385 3450 531 3520 dedecus,
550 3463 715 3528 tantamque
734 3472 851 3509 suorum
870 3453 1062 3510 calamitatem
1082 3451 1157 3511 ferre
1176 3473 1234 3512 non
1254 3465 1362 3529 posset,
1382 3463 1482 3528 sponte
1499 3450 1530 3506 in

304 3542 417 3600 Cretam
431 3542 594 3620 proiectus,
606 3542 749 3601 Ariadnae
763 3540 865 3601 Minois
885 3543 958 3622 regis
978 3541 1051 3600 filiae
1063 3563 1159 3602 amore
1171 3563 1223 3602 suo
1236 3555 1335 3622 captae
1355 3541 1457 3600 auxilio
1475 3559 1532 3598 ser·

302 3621 456 3692 natusest.
485 3636 636 3711 Namque
655 3633 740 3694 modo
759 3647 790 3692 et
809 3635 1000 3694 Minotaurum
1029 3633 1202 3694 interficeret
1233 3637 1417 3702 monstravit,
1435 3645 1466 3691 et
1481 3631 1530 3690 iiio

278 3728 281 3740 “
304 3725 340 3782 ed
352 3729 466 3802 januam
479 3725 535 3784 fixo
549 3725 753 3804 'elsebyrintho
765 3727 780 3782 i
794 3727 918 3786 Daedalo
931 3739 1062 3786 extructo
1075 3727 1269 3806 egrederetur,
1280 3726 1414 3786 ostendit.
1436 3725 1531 3798 Quare

304 3821 398 3877 occiso
417 3819 596 3886 Minotauro,
616 3819 783 3888 Ariadnen,
803 3839 859 3877 une
879 3840 945 3877 curn
969 3819 1097 3878 Phaedre
1117 3840 1212 3879 sorore
1231 3819 1377 3878 abducens
1395 3818 1426 3874 in
1445 3819 1530 3874 Diam

303 3907 433 3976 insulem,
453 3907 573 3986 primurn
587 3907 813 3986 enavigavit,ubi
828 3908 864 3966 ab
878 3910 989 3988 ingrato
1001 3910 1125 3968 Ariadna
1137 3909 1251 3976 relicte,
1271 3929 1335 3967 cum
1348 3929 1377 3966 se
1388 3908 1529 3964 desertam

301 4011 486 4075 quereretur,
499 4018 640 4078 opemque
652 4001 778 4058 Deorum
792 4001 948 4069 invocaret,
968 3999 1072 4058 Libero
1091 4001 1163 4079 patri
1183 4001 1221 4058 ita
1234 3998 1353 4076 placuit,
1363 4009 1391 4056 et
1403 4017 1465 4054 enm
1477 3993 1533 4053 sibi

299 4091 484 4166 desponsarit,
497 4105 526 4148 et
539 4103 571 4148 ut
593 4103 710 4150 aeterna
729 4091 805 4150 iliius
822 4093 923 4151 amoris
944 4096 1177 4159 memoriensem,
1202 4095 1271 4168 ejus*
1282 4110 1415 4150 eoronam
1425 4089 1455 4147 in
1467 4105 1530 4147 cor·

299 4182 358 4240 ium
366 4182 566 4258 miserit,cujus
577 4203 705 4262 gemmae
718 4186 748 4242 in
759 4183 1013 4244 stellasconeereee
1026 4186 1113 4264 sydus
1125 4203 1247 4244 coronae
1258 4183 1349 4242 eimiie
1362 4185 1528 4244 effecerunt.

359 4277 422 4332 152.
434 4273 591 4335 Taurorum
605 4289 732 4336 centnm.
754 4276 948 4336 Hecatombert
967 4279 1122 4358 significan
1141 4276 1303 4355 quoderat
1322 4285 1435 4336 centum
1446 4278 1529 4336 Mum

186 4405 189 4412 Δ
299 4364 481 4436 sacrificium.

362 4459 425 4512 15³.
447 4455 591 4514 Curetida.
605 4461 735 4525 Cretum,
758 4475 844 4535 quam
865 4459 1027 4516 incolebant
1040 4461 1108 4516 oiim
1121 4461 1240 4516 Curetes
1258 4459 1373 4514 nutritii
1382 4457 1471 4523 Joois,
1482 4473 1530 4513 cu-

308 4563 342 4602 us
361 4549 488 4624 vagitum
507 4548 646 4624 cymbalis
665 4549 809 4626 pulsatis,
830 4559 918 4624 atque
929 4551 1007 4608 ueris
1026 4551 1137 4625 crepitu
1155 4548 1385 4609 dissimulabant.
