3290 5260
386 284 465 367 280
717 309 749 366 r.
770 307 897 368 ovum
920 303 1088 366 ussous

204 461 209 474 ·
303 422 391 514 Vos
408 423 518 508 ciuis
535 423 737 538 exiguus,
753 421 1005 535 gelidaeque
1013 419 1214 532 jacebitis
1230 421 1427 504 umbrae?

299 534 434 620 Haud
447 535 637 649 equidem
650 539 804 646 patiar.
820 535 970 620 Pereat
988 535 1239 620 sceleratus:
1258 551 1297 620 rt.
1315 531 1389 616 ille

299 651 499 762 Spemque
511 652 668 758 patris,
689 650 887 763 regnique
906 648 1061 740 trahat,
1075 643 1319 759 patriaeque
1335 645 1516 733 ruinam.

299 762 430 847 Mens
448 763 521 844 ubi
535 780 724 846 materna
743 763 846 844 est?
864 763 936 842 ubi
952 777 1048 843 suut
1059 762 1134 870 pia
1143 761 1245 874 jura
1259 763 1516 868 parentum?

300 875 383 970 Et,
402 904 506 986 quos
528 877 733 976 sustinui,
751 876 817 957 bis
836 903 1020 956 mensum
1041 877 1221 985 quinque
1239 873 1432 956 labores?

303 989 519 1071 Outinam
532 989 682 1099 primis
699 989 874 1072 arsisses
892 989 1061 1100 ignibus
1074 988 1243 1096 infans:
1433 983 1510 1072 501

301 1100 434 1214 idque
454 1131 533 1215 ego
547 1129 677 1213 passa
690 1099 854 1216 sommi
876 1102 1026 1186 vixisti
1042 1129 1206 1182 munere
1230 1115 1392 1186 nostro.-

302 1213 431 1298 Nunc
449 1215 592 1296 merito
610 1217 780 1297 mon'e‘re
798 1228 891 1300 tuo.-
912 1242 1016 1324 oope
1029 1213 1360 1324 praemiasoeti;

303 1327 456 1436 Bisque
474 1323 639 1422 datam,
653 1328 831 1436 primum
842 1343 971 1438 portu
987 1391 998 1428 ‚
1017 1355 1119 1412 maa
1138 1327 1276 1437 stipite
1292 1341 1433 1435 rapto,

352 2757 418 2827 496.
436 2750 610 2827 Gelidaeque
630 2747 759 2827 jacebitis
778 2747 906 2806 umbrae.
930 2748 1038 2805 [inira
1057 2764 1110 2803 nee
1128 2746 1227 2824 gelisia
1247 2765 1300 2803 nee
1330 2745 1450 2804 calida:
1470 2745 1520 2806 secl

295 2846 337 2902 ad
357 2857 474 2902 mortem
493 2846 659 2920 respicitur,
680 2863 755 2921 quae
773 2861 837 2900 cum
846 2839 968 2918 frigore
985 2843 1074 2908 uertit,
1094 2849 1123 2896 et
1141 2858 1245 2914 eorpus
1255 2841 1403 2913 privatum
1416 2842 1516 2896 anima

283 2939 436 3016 frigidum
455 2939 600 3013 relinquit.

354 3035 417 3100 498.
441 3027 592 3106 Spemque.
612 3031 708 3083 Erant
729 3031 823 3083 Oeneo
843 3043 881 3081 ea
900 3024 1029 3082 Althaea
1048 3031 1079 3080 et
1100 3023 1154 3080 alii
1173 3023 1363 3092 iterandas.
1394 3024 1520 3081 Liberali

293 3123 436 3178 nominati
441 3145 450 3190 3
472 3121 619 3192 Plrereus,
641 3121 791 3195 Agelaus,
815 3119 943 3184 Toxeus,
965 3117 1133 3191 Clymenus,
1152 3127 1181 3172 et
1201 3116 1401 3192 Periplsantes.
1440 3122 1520 3174 Sura·

294 3233 340 3269 ma
362 3221 458 3266 tamen
478 3213 567 3267 Oenei
582 3205 646 3286 spes
661 3213 690 3265 iu
703 3210 864 3284 Meleagro,
877 3218 976 3282 utpote
989 3209 1100 3262 Martis
1111 3207 1199 3280 prole,
1213 3225 1302 3280 supra
1314 3207 1355 3262 ad
1368 3227 1441 3264 uere.
1458 3212 1521 3280 4373

296 3321 392 3357 oerum
414 3300 487 3356 erudi
505 3303 597 3374 ipsum
619 3299 787 3356 Liberalem.
822 3291 863 3355 Oi
889 3287 995 3365 παῖδες
1018 3288 1136 3357 &cotie
1159 3287 1209 3354 itai
1231 3287 1352 3356 'oio'lliot
1380 3289 1520 3388 Ka'e'ittt

293 3381 447 3450 ἅπτονται
464 3382 504 3448 ‘cll
529 3380 629 3475 tie'ptte.
664 3389 835 3463 Tirestiifiiii
852 3406 888 3442 ae
898 3387 1000 3462 reliqui
1015 3391 1135 3441 Cereres
1146 3387 1247 3460 pellem
1265 3386 1393 3442 invadun
1400 3396 1421 3455 t,
1438 3387 1517 3442 dimi·

298 3480 378 3536 stiam
398 3483 593 3554 praemiorum
613 3479 655 3534 ad
675 3499 705 3534 se
724 3481 866 3552 pertinere
885 3476 1029 3544 dicentes;
1048 3475 1099 3532 sed
1117 3477 1268 3550 Meleager
1287 3480 1314 3532 vi
1333 3497 1369 3532 ea
1388 3479 1517 3542 ademit,

297 3591 334 3628 ac
357 3571 432 3626 lilios
454 3571 563 3626 Thestii
580 3569 696 3626 oceidit.
719 3572 793 3624 Hine
813 3568 916 3624 beilum
937 3572 1012 3624 inter
1033 3572 1150 3624 Curetes
1169 3578 1198 3624 et
1216 3567 1382 3624 Calidonias
1402 3579 1515 3624 artam:

294 3663 335 3718 ad
355 3663 432 3738 qaod
452 3658 606 3738 Meleager
624 3663 740 3738 prodire
759 3661 868 3728 noluit,
898 3665 992 3715 iratas
1013 3660 1048 3716 ab
1067 3661 1151 3719 diras
1179 3663 1280 3738 quilius
1308 3664 1402 3735 ipsum
1427 3671 1517 3716 mater

294 3765 413 3830 propter
424 3753 559 3828 fratrum
578 3775 673 3810 necem
693 3755 855 3810 rieuovernt.
877 3758 946 3808 Cum
959 3763 1056 3808 autem
1079 3757 1197 3810 Curetes
1217 3755 1312 3809 urbem
1329 3754 1394 3828 iam
1405 3741 1521 3828 capturi

293 3857 408 3912 essent,
430 3866 505 3902 uror
526 3849 682 3921 Cleopatra
702 3851 730 3904 ei
748 3847 908 3922 persuasit,
932 3855 962 3900 ut
996 3847 1174 3920 Calydonius
1201 3856 1338 3903 tueretur.
1372 3852 1515 3923 Egressus

296 3949 397 3994 eontra
420 3944 565 4008 Curetas,
583 3943 694 4016 periit,
715 3951 843 3996 cremata
863 3941 883 3994 ὰ
902 3948 995 3995 matre
1006 3939 1084 4013 sace
1099 3939 1205 4012 fatali:
1227 3939 1281 4004 (de
1300 3961 1360 4016 qua
1378 3961 1469 4017 snpra
1479 3937 1519 3996 ad

292 4049 320 4085 u.
343 4033 429 4101 451.)
450 4031 560 4106 Reliqui
579 4035 667 4089 etiam
690 4035 776 4087 Oenei
793 4033 848 4098 fita·
866 4033 894 4084 in
915 4050 950 4084 ea
970 4051 1070 4106 pagna
1090 4042 1208 4086 mortem
1229 4035 1422 4106 oppetierunt.

351 4121 414 4173 δυο.
438 4120 578 4175 Mensam.
600 4123 678 4178 Libri
697 4123 845 4197 aliquota
869 4119 993 4194 Ciasano
1012 4123 1113 4187 citati,
1135 4129 1163 4176 et
1184 4123 1257 4176 Mss.
1277 4121 1389 4178 liabent
1410 4125 1517 4178 Menses

291 4207 335 4266 liis
355 4212 492 4284 quinque.
515 4216 625 4268 Exensi
644 4232 739 4268 earnes
759 4232 888 4268 mensum
909 4216 1052 4281 retinent,
1077 4214 1215 4269 Prisciani
1226 4213 1305 4286 jtett
1323 4220 1517 4279 auctoritate,

291 4304 341 4376 qui
360 4303 380 4355 l.
401 4324 426 4373 7.
447 4321 576 4359 mensum
597 4305 643 4359 lrie
662 4324 714 4378 pro
736 4305 873 4359 niensium
893 4309 963 4378 pani
982 4309 1034 4360 ait.

351 4395 412 4451 ὅσα.
426 4397 543 4452 Munere
558 4411 662 4455 nostro¹
675 4401 757 4471 Quae
769 4401 891 4471 stipitem
904 4417 954 4454 seu
963 4407 1067 4456 torrem
1080 4401 1109 4456 in
1121 4397 1196 4458 tuae
1210 4417 1299 4475 usque
1311 4398 1387 4458 eliam
1401 4399 1515 4460 servaei·
