3258 5258
355 421 431 524 ¹74
699 435 733 495 e.
754 433 881 496 ovmu
899 433 1063 492 ussoms

269 553 375 638 Tum
393 583 487 636 eum
499 581 595 666 pax
612 569 719 636 esset
724 593 737 652 ,·
754 553 904 634 bellum
923 579 1083 664 quoque
1100 579 1223 658 saepe
1240 551 1399 638 solebat

267 667 484 774 Spectare,
501 697 603 780 eque
620 667 700 749 illu‘
718 663 851 778 rigidi
855 664 1096 748 ‘certamina
1113 665 1284 750 Martis.
1419 691 1474 750 20

266 779 442 892 Jamque
460 783 579 864 moru⁴
598 780 696 862 belli
706 805 923 890 pracerum
941 808 1022 891 quo
1052 809 1101 861 ue
1119 779 1290 866 uomina
1307 777 1430 863 aurat
1449 842 1460 880 ,

269 890 496 1003 Armaque,
516 921 734 1006 equosque,
748 892 992 1002 habitusque
1009 811 1475 1005 gydontasquepturt-

330 1019 430 1088 tras.

269 1113 450 1198 Noverat
467 1133 564 1199 aute
580 1116 688 1200 alias
695 1115 858 1226 faciem
879 1115 1003 1200 ducis
1021 1114 1241 1224 Europaei
1247 1155 1261 1213 ;

269 1225 375 1310 Plus
391 1231 532 1323 etiam,
551 1259 676 1342 quum
692 1257 813 1313 nosse
830 1246 898 1312 sat
914 1247 996 1324 est,
1014 1230 1095 1311 hac
1104 1225 1255 1340 judice
1277 1226 1454 1328 Minos,

269 1337 350 1420 Seu
369 1359 495 1449 caput
511 1339 729 1424 abdiderat
747 1345 924 1428 cristata‘
944 1338 1109 1424 casside
1120 1337 1288 1450 pennis,
1418 1337 1473 1426 25

269 1451 322 1532 Iu
337 1455 464 1564 galea‘
472 1455 687 1562 formosus
705 1469 792 1536 erat
801 1494 815 1550 ,·
831 1482 904 1536 seu
922 1469 1124 1537 sumserat
1142 1449 1246 1536 auro

270 1561 519 1680 Fulgentem
538 1568 746 1679 clypeum,
765 1567 956 1679 clypeum
992 1566 1189 1652 sumsisse
1206 1563 1390 1652 decebat.

314 4207 357 4242 αι.
376 4185 453 4241 More
476 4183 552 4242 betti.
571 4187 771 4244 Diuturm'tute
791 4187 866 4246 betti.
887 4187 1047 4247 Procerum.
1065 4191 1186 4247 Ducum.
1204 4227 1207 4234 ·
1238 4223 1241 4232 ·

312 4301 357 4335 αα.
380 4279 592 4354 Cydoneasque.
611 4283 756 4336 Cretenses
779 4282 799 4334 ὰ
820 4281 938 4356 Cydaue
958 4285 1062 4340 Cretae
1083 4283 1152 4340 urbe
1163 4325 1172 4352 ,
1192 4281 1273 4358 infra
1293 4283 1335 4340 ad
1354 4305 1378 4343 a.
1399 4289 1445 4356 4⁰·

311 4373 356 4424 23.
375 4369 471 4426 Ducis.
496 4371 621 4424 trinus:
641 4369 754 4441 Jupiter
778 4373 851 4426 em'm
875 4389 913 4426 ea·
932 4373 1053 4448 Europa
1071 4377 1196 4448 suscepit
1216 4375 1338 4444 Minoa,
1355 4373 1466 4432 erada·

254 4461 418 4528 mammem,
441 4469 469 4516 et
487 4457 702 4534 Sarpedonem,
722 4468 753 4513 ut
773 4461 857 4516 habet
887 4461 1051 4520 Herodotus
1082 4467 1111 4520 t‘rt
1144 4467 1206 4550 Cleo
1218 4507 1228 4534 ,
1246 4449 1341 4544 *auem
1373 4477 1466 4526 tamen

255 4557 394 4609 Humerus
413 4555 491 4610 Jam's
509 4561 537 4607 et
557 4548 735 4606 Laodamiae
752 4551 844 4620 fitium
862 4551 957 4622 [uisse
976 4556 1072 4611 scribit
1093 4557 1140 4613 tu.
1164 4563 1206 4614 16.
1220 4561 1260 4574 '¹'

312 4649 355 4716 nt.
375 4641 442 4701 Plus
461 4641 544 4700 etiam
564 4661 649 4717 quem
669 4657 750 4698 nosse
770 4653 813 4700 eat
832 4653 884 4700 est.
905 4641 979 4702 Nam
999 4665 1062 4704 eum
1083 4649 1169 4706 etiam
1183 4647 1314 4707 amabat.
