3274 5268
393 285 416 340 2

605 313 657 492 r.
679 383 911 496 ovmn
931 382 1229 512 nnsouss,

370 593 1460 771 METAMORPHOSEON

578 863 813 950 LIBER
839 863 1252 952 SEPTIMUS.

766 1068 1068 1140 srnorsrs.

364 1248 519 1394 Jeson
538 1328 659 1384 aureo
678 1300 821 1384 vellere
839 1301 1007 1432 potitur.
1024 1299 1168 1386 Medea
1196 1303 1398 1388 Aesonem
1417 1303 1527 1388 senio

309 1414 540 1501 consectum
562 1414 732 1498 restituis
760 1415 800 1496 in
834 1415 1042 1527 prrstinam
1068 1417 1348 1528 juventutem.-
1371 1415 1526 1498 Peliam
1620 1475 1621 1502 ι

309 1527 506 1614 interficit.
529 1524 593 1609 Ab
611 1526 757 1612 iasone
776 1550 925 1638 spreta,
945 1531 1031 1640 ejus
1051 1529 1290 1640 conjugem,
1314 1553 1354 1614 et
1380 1527 1528 1612 liberos

307 1644 467 1758 premit.
486 1639 553 1724 Ab
571 1642 706 1750 Aegeo
726 1663 889 1752 excepta
909 1640 1112 1724 Theseum
1135 1641 1221 1752 ejus
1247 1639 1379 1724 filium
1402 1667 1528 1724 vene-

307 1787 362 1838 ιιο
383 1778 550 1838 conatur
569 1753 719 1837 tollere.
740 1753 920 1836 Theseus
939 1755 1179 1861 agnoscitur.
1198 1753 1394 1864 Aeginam
1407 1751 1531 1866 pessis

307 1869 538 1981 populatur.
573 1865 781 1949 Formieee
812 1889 1020 1956 mutantur
1039 1867 1080 1946 io
1111 1865 1323 1976 hominess
1355 1866 1465 1950 canis
1484 1871 1528 1948 in

309 2010 462 2063 saxum.
482 1978 637 2062 Procris
656 2005 679 2058 a
699 1975 842 2059 niarito
861 2005 932 2090 per
950 2005 1122 2060 errorem
1144 1976 1389 2064 vulneratur.

365 2223 560 2389 Jamque
572 2277 728 2388 fretum
750 2273 932 2384 Minyae
945 2273 1174 2389 Pagasaeo*
1179 2303 1317 2388 puppe
1330 2275 1529 2360 secabant

311 2395 597 2502 Perpetueique
616 2391 783 2472 tradens
801 2389 963 2498 inopem
981 2391 1057 2470 sub
1076 2404 1196 2472 noste
1213 2406 1425 2476 senectam
1620 2421 1621 2428 ¹

314 2507 497 2589 Phineus
517 2513 537 2552 *
557 2505 668 2588 visus
685 2519 774 2584 eret
787 2532 800 2609 ᾗ
807 2499 1061 2612 juvenesque
1079 2499 1292 2611 Aquilone
1310 2503 1445 2586 creati

316 2617 542 2730 Virgineus
562 2617 746 2698 volucres
764 2613 906 2694 miseri
921 2615 1034 2695 senis
1052 2642 1120 2694 ore
1128 2613 1363 2726 fugarant;

312 2731 537 2841 Multoque
549 2729 740 2838 perpessi
755 2727 872 2810 clero
890 2727 968 2806 sub
985 2723 1158 2818 leirene,
1177 2724 1346 2808 teredem
1500 2723 1526 2812 5

319 2841 590 2956 Contigerant
604 2839 781 2950 ¹rapidas
799 2839 939 2920 limosi
954 2833 1166 2920 Phasidos
1184 2835 1335 2926 undas.

361 3067 434 3121 Fau.
469 3067 493 3118 1.
514 3065 582 3139 Arg.
602 3066 728 3138 Jamque
736 3059 854 3136 fretum
873 3061 998 3133 Minyae
1018 3059 1172 3132 Pagasene
1190 3077 1286 3135 puppe
1303 3057 1465 3128 umbus,
1485 3069 1540 3118 ets.

300 3156 388 3212 Jeson
410 3152 531 3210 Aesonis
551 3151 624 3207 filins
645 3151 779 3207 misensis
801 3147 878 3205 Pelio
898 3147 1024 3225 Neptuni
1044 3145 1102 3204 titio
1127 3167 1192 3204 eum
1212 3148 1373 3225 proceribus
1390 3149 1542 3225 Grsjorum

301 3245 440 3312 Colchon,
459 3243 494 3300 ed
515 3241 616 3320 pellem
637 3261 751 3297 suresm
772 3237 988 3318 sdportsndsns,
1007 3237 1196 3311 sdjutrisibus
1214 3240 1328 3298 Jnnosss
1348 3257 1382 3298 se
1404 3241 1543 3311 Misenus,

304 3351 337 3396 ut
362 3342 470 3397 Aeetae
495 3335 567 3394 Solis
593 3333 642 3390 fitii
669 3332 790 3410 contigit
814 3330 940 3410 regiam,
966 3328 1177 3408 pulchritudine
1195 3349 1246 3388 sus
1272 3330 1392 3410 perculit
1411 3331 1542 3390 Medera

305 3431 464 3504 evertitque
484 3446 499 3481 ι
521 3438 610 3502 putre,
632 3435 664 3478 ut
683 3422 737 3479 sibi
757 3421 852 3500 potius
871 3439 957 3497 quesn
978 3419 1084 3496 postire
1104 3419 1284 3478 consuluerit
1298 3423 1371 3499 Ersss
1384 3419 1543 3500 obligatum

302 3520 435 3577 Jssouem
454 3516 556 3592 coegit,
575 3525 606 3570 ut
626 3509 711 3568 fidem
730 3523 883 3589 peresuros
902 3508 1030 3588 conjugis
1057 3529 1122 3587 erge
1141 3529 1181 3578 se,
1199 3531 1267 3570 nsm
1288 3523 1383 3568 tsuros
1401 3510 1541 3589 spirenses

305 3611 410 3685 ignem,
431 3618 460 3666 et
479 3606 631 3663 draconem
651 3601 861 3659 custodientem
881 3600 1030 3679 templum,
1049 3604 1167 3660 venenis
1185 3615 1273 3679 etque
1292 3601 1542 3666 urrninibuseuii·

335 3703 358 3759 it
370 3720 466 3782 perere
486 3696 604 3764 Jesoni,
628 3707 659 3752 nt
678 3691 817 3772 proscisso
836 3691 897 3751 solo
916 3693 1017 3750 dentes
1036 3693 1181 3752 obsereret
1201 3695 1362 3774 serpentis,
1381 3697 1543 3774 exquibus

303 3808 471 3856 srmstorum
491 3806 570 3867 seges
589 3798 790 3864 pmeresesret:
810 3784 886 3841 inter
906 3804 989 3860 quos,
1010 3795 1041 3840 ut
1061 3785 1087 3842 ei
1108 3800 1293 3866 prseoeptum
1315 3799 1376 3844 eret
1396 3791 1540 3863 eidedes,

304 3893 410 3967 jsetsto
430 3881 508 3940 silice
534 3875 627 3955 eoiigit
648 3895 696 3932 eos
717 3875 791 3932 iuter
812 3895 842 3932 se
861 3873 1016 3943 dimisere,
1036 3875 1085 3952 qni
1111 3889 1211 3935 mutuo
1236 3875 1312 3935 beilo
1336 3877 1557 3941 corennum

302 3977 357 4037 His
376 3972 460 4052 gestis
478 3970 564 4026 Jseon
584 3985 650 4022 eum
672 3965 773 4022 Medea
793 3963 923 4022 corchon
943 3963 1023 4022 obiit.

363 4083 388 4119 ι.
421 4060 542 4135 Jamque
561 4057 667 4122 fretum
686 4053 809 4131 Minyae.
841 4055 947 4130 Populi
965 4065 1032 4112 sunt
1061 4055 1229 4113 Thessaliae
1254 4059 1387 4134 Minyae.
1402 4061 1541 4142 Psgssses

305 4175 411 4236 puppe.
430 4157 511 4228 Argo
530 4167 611 4206 nave.
631 4149 779 4224 Pagasaeo.
817 4147 976 4204 Fabrieata
995 4147 1048 4205 sub
1071 4149 1188 4225 Pegaso
1212 4157 1408 4224 promontorio
1426 4165 1455 4211 et
1475 4175 1539 4233 epp.

308 4247 558 4399 Τήθὲῗαέἔιῖιίιίοι.
581 4333 626 4393 Fi.
650 4328 794 4392 Colchidis
813 4333 842 4388 ιἰι
861 4334 1007 4390 Euxinum
1027 4349 1108 4390 mare
1127 4351 1159 4391 se
1177 4337 1370 4396 exonerastis.
