3186 5268
424 319 477 408 68
758 339 790 394 Ρ.
812 337 937 396 ovtou
958 329 1123 390 ursonis

339 464 545 562 Abstulit,
565 477 603 543 et
622 455 775 542 calidis
794 454 998 534 laru'aturu
1019 451 1156 531 mersit
1174 447 1307 530 aem's.

398 575 526 690 Quod
542 575 626 655 nisi
637 569 836 682 pennatis
854 565 1108 674 serpentibus
1127 571 1225 645 isset
1238 561 1283 639 in
1301 584 1429 639 auras
1437 597 1451 656 ;
1471 554 1541 642 350

339 691 439 778 Non
458 703 623 771 exemia
631 686 747 794 foret
759 707 934 792 poenae:
945 679 1066 790 fugit
1084 675 1175 757 alta
1193 699 1395 783 superque

339 803 489 888 Pelion
508 801 737 882 untbrosum
757 793 974 904 Philyreia
994 805 1119 887 tecta,
1138 813 1339 898 superque

343 915 524 1026 Othryn,
543 929 582 995 et
601 925 742 994 euentu
761 907 915 986 ueteris
927 905 1021 986 loca
1039 917 1139 985 nota
1162 896 1359 984 Cerambi.

342 1029 429 1113 Hie
446 1055 520 1136 ope
538 1021 826 1136 Nympharum
845 1016 1033 1100 sublatus
1050 1016 1096 1096 in
1114 1027 1214 1098 ae'rn
1228 1011 1402 1122 pennis,

347 1139 448 1224 Cum
465 1139 607 1250 grauis
625 1135 766 1243 infuso
785 1131 907 1212 tellus
916 1129 1030 1236 foret
1048 1129 1194 1209 obruta
1207 1141 1355 1235 ponto,
1474 1117 1549 1202 355

342 1251 654 1336 Deucalioneas
672 1241 825 1358 affligit
838 1245 1052 1323 inobrutus
1071 1238 1221 1322 aridas.

401 1363 584 1450 AEotiam
603 1343 784 1442 Pitanen
803 1363 830 1438 ὰ
850 1357 969 1436 laevti
983 1369 1105 1463 parte
1123 1351 1341 1464 relinquit,

342 1476 557 1586 Factaque
574 1471 626 1555 de
643 1499 755 1556 saeco
771 1467 893 1580 longi
907 1465 1133 1548 simulacra
1151 1463 1371 1559 draconis,

396 2322 461 2378 Fae.
484 2343 511 2376 r.
534 2342 573 2374 rr.
584 2340 635 2374 ru.
659 2341 722 2374 rm.
746 2328 774 2376 et
788 2339 827 2373 ιι.
849 2317 917 2394 Arg.
931 2317 1014 2388 Quae
1038 2315 1093 2370 nisi
1104 2315 1257 2390 pennatis,
1283 2323 1335 2370 ete.
1359 2309 1552 2390 Horieporicau

340 2408 458 2468 Medeae
479 2407 532 2466 boc
551 2407 615 2466 ioco
635 2407 770 2465 describit
791 2413 873 2484 potita
885 2448 894 2475 ,
914 2425 971 2481 quo
994 2405 1126 2464 videncet
1146 2404 1270 2472 itinere,
1290 2417 1319 2460 et
1343 2423 1397 2480 per
1429 2421 1499 2480 quas
1526 2421 1558 2456 re·

345 2499 442 2578 qiottes
460 2518 497 2557 ex
517 2500 660 2558 Thessalia
680 2499 729 2555 ubi
749 2497 840 2555 Pelias
859 2511 1046 2572 regnaverat,
1066 2496 1252 2565 Corinthum,
1274 2509 1303 2552 et
1322 2516 1389 2553 mox
1410 2506 1559 2574 perpetrata

344 2588 431 2650 caede
451 2587 599 2656 filiorum,
620 2600 648 2644 et
666 2608 729 2646 aree
750 2609 815 2648 eam
835 2609 911 2650 aava
930 2589 1043 2648 basonis
1064 2591 1186 2665 conjuge
1207 2587 1339 2646 incendio
1359 2587 1561 2665 consummat

343 2679 482 2739 Corintho
503 2677 630 2736 Athenas
649 2678 684 2736 ad
704 2681 823 2758 AEgeum
844 2681 945 2738 Thesei
967 2693 1073 2758 patrem
1096 2678 1277 2756 pervenerit,
1298 2677 1491 2758 perstringens
1504 2678 1559 2732 bre·

343 2775 418 2834 viter
437 2790 510 2849 quse
530 2771 692 2849 quibusque
713 2772 781 2830 locis
800 2773 942 2842 sabulosa,
961 2784 1011 2828 erit
1031 2772 1099 2827 elius
1120 2769 1309 2826 memorabilia
1327 2771 1506 2829 accidissent.

399 2867 463 2920 351.
484 2865 577 2941 Fugit.
596 2868 624 2920 Α
644 2865 774 2932 Colchis,
795 2866 938 2932 Corintho,
958 2865 1084 2921 Athenis.
1107 2865 1214 2919 Verum
1233 2871 1414 2941 stratagema
1435 2863 1488 2922 hoc
1505 2865 1560 2940 lege

341 2953 422 3031 apud
441 2955 602 3012 Diodorum
621 2957 669 3011 lib.
682 2961 707 3012 5.

401 3050 465 3103 352.
476 3046 622 3122 Philyreia
644 3059 727 3103 tecta.
739 3046 870 3104 Chironis
888 3047 1026 3112 domurn,
1045 3067 1127 3123 quens
1147 3047 1268 3120 Philyra
1288 3048 1419 3123 nympha
1450 3067 1489 3106 es
1517 3049 1561 3102 Sa·

342 3147 426 3196 turno
445 3145 500 3212 (ut
519 3141 668 3208 diximus)
688 3143 805 3213 peperit.
817 3139 915 3196 Pelion
935 3139 1141 3215 Philyraeaque
1162 3141 1289 3216 Othryn.
1313 3144 1433 3198 Montes
1448 3143 1559 3199 Thessa·

340 3229 420 3295 liae,
450 3231 481 3284 in
511 3231 612 3305 quibus
642 3229 782 3287 habitavit
814 3231 919 3288 Chiron
951 3236 1071 3288 Saturni
1102 3243 1130 3290 et
1162 3233 1301 3310 Philyrae
1322 3234 1431 3307 silius,
1464 3235 1510 3291 tib.
1542 3253 1561 3288 ι.

341 3337 416 3377 vers.
439 3324 504 3384 632.

399 3408 660 3467 macerentur
678 3432 759 3468 auem
778 3416 798 3468 ὰ
816 3413 957 3490 Nymphis
993 3425 1141 3483 mutatus,
1168 3425 1199 3471 ut
1224 3418 1277 3471 alii
1301 3420 1330 3471 in
1360 3419 1562 3480 scarabaeum,

343 3505 374 3558 in
396 3504 575 3560 Parnassum
594 3503 725 3562 sublatus
747 3506 891 3584 superfuit
916 3508 1031 3562 Diluvio
1052 3509 1256 3564 Deucalionem
1279 3509 1391 3567 Veteris
1431 3509 1564 3568 Cerambi.

342 3597 561 3673 Antiquissimi,
586 3600 690 3675 quippe
711 3599 761 3674 qui
786 3607 856 3654 ante
876 3599 1019 3654 diluvium
1031 3597 1139 3671 suerit.

401 3689 595 3762 357.AEoliam
616 3689 745 3749 Pitanen.
757 3693 862 3748 Pitane
886 3691 952 3748 urbs
974 3701 1017 3748 est
1042 3692 1163 3750 AEoh'ca.
1187 3694 1322 3752 Tradunt
1334 3695 1416 3773 apud
1435 3700 1562 3754 Pitanen

343 3777 544 3853 lateressnper
555 3783 639 3858 aquis
649 3781 787 3854 fluitare.

401 3873 464 3926 358.
477 3871 616 3948 Factaque
636 3873 671 3928 de
692 3873 1027 3950 eaxodletnmorphosin
1046 3875 1185 3951 serpentis
1203 3880 1232 3932 in
1252 3877 1379 3954 lapidem
1399 3879 1564 3958 signabitis

345 3970 441 4018 autem
465 3961 663 4022 videturesse
685 3967 734 4022 ille
772 3967 883 4035 draeo,
920 3971 969 4044 qui
1004 3971 1201 4040 spectantibus
1239 3975 1417 4028 Graecorum
1456 3975 1565 4030 alaribus

343 4053 426 4128 apud
449 4055 582 4112 Aulidem
603 4058 776 4134 significavit
798 4060 908 4116 decimo
932 4060 1047 4117 tandem
1074 4082 1152 4120 anno
1177 4065 1297 4136 Troiam
1320 4069 1566 4143 esseeepienrlam.

344 4145 410 4217 Ego
433 4141 470 4198 de
492 4146 591 4203 Lesbio
614 4161 766 4224 serpente,
789 4149 827 4206 de
851 4171 907 4227 quo
930 4154 1018 4207 etiam
1042 4156 1122 4228 intra
1144 4155 1192 4211 lib.
1207 4162 1506 4214 rr.vers.60.meatio
1515 4160 1565 4230 fi²¹

344 4233 559 4310 intelligendum
583 4243 677 4316 magis
699 4250 788 4316 puto:
811 4245 860 4318 qui
884 4244 961 4320 quad
986 4245 1091 4320 Orphei
1117 4257 1218 4320 caput,
1233 4251 1260 4303 iu
1276 4249 1398 4304 Hebrum
1412 4252 1565 4323 abiectum,

344 4333 374 4380 et
394 4325 435 4381 ad
459 4329 576 4383 Lesbum
599 4331 666 4388 inde
688 4332 817 4390 delatum
838 4337 947 4392 violare
976 4355 1071 4394 morsu
1109 4340 1267 4410 valuisset,
1299 4343 1336 4399 ab
1380 4345 1509 4419 Apolline
1541 4344 1565 4396 in

346 4435 450 4476 sarum
471 4431 598 4479 mutatus
614 4423 688 4498 suit.
