<?xml version="1.0" encoding="UTF-8"?>
<!DOCTYPE html PUBLIC "-//W3C//DTD XHTML 1.0 Transitional//EN"
    "http://www.w3.org/TR/xhtml1/DTD/xhtml1-transitional.dtd">
<html xmlns="http://www.w3.org/1999/xhtml" xml:lang="en" lang="en">
 <head>
  <title>
</title>
<meta http-equiv="Content-Type" content="text/html;charset=utf-8" />
  <meta name='ocr-system' content='tesseract 3.04.00' />
  <meta name='ocr-capabilities' content='ocr_page ocr_carea ocr_par ocr_line ocrx_word'/>
</head>
<body>
  <div class='ocr_page' id='page_1' title='image "./povidiinasonism04angugoog_0300.png"; bbox 0 0 3274 5248; ppageno 0'>
   <div class='ocr_carea' id='block_1_1' title="bbox 278 429 1231 758">
    <p class='ocr_par' dir='ltr' id='par_1_1' title="bbox 278 429 1231 758">
     <span class='ocr_line' id='line_1_1' title="bbox 368 429 1069 533; baseline -0.017 -33"><span class='ocrx_word' id='word_1_1' title='bbox 368 443 450 533; x_wconf 79' lang='lat'><em>²9⁰</em></span> <span class='ocrx_word' id='word_1_2' title='bbox 705 435 740 494; x_wconf 78' lang='lat' dir='ltr'><em>u.</em></span> <span class='ocrx_word' id='word_1_3' title='bbox 757 433 883 492; x_wconf 81' lang='lat' dir='ltr'><em>ovtuu</em></span> <span class='ocrx_word' id='word_1_4' title='bbox 902 429 1069 490; x_wconf 72' lang='lat' dir='ltr'><em>nasonis</em></span> 
     </span>
     <span class='ocr_line' id='line_1_2' title="bbox 278 545 1231 758; baseline -0.016 -115"><span class='ocrx_word' id='word_1_5' title='bbox 278 561 424 758; x_wconf 56' lang='lat' dir='ltr'><em>guas,</em></span> <span class='ocrx_word' id='word_1_6' title='bbox 447 555 729 641; x_wconf 77' lang='lat' dir='ltr'><em>Porthaoniae</em></span> <span class='ocrx_word' id='word_1_7' title='bbox 750 550 917 634; x_wconf 85' lang='lat' dir='ltr'><em>tandem</em></span> <span class='ocrx_word' id='word_1_8' title='bbox 936 550 1092 634; x_wconf 83' lang='lat' dir='ltr'><em>Lotoi&#39;o</em></span> <span class='ocrx_word' id='word_1_9' title='bbox 1110 545 1231 630; x_wconf 82' lang='lat' dir='ltr'><em>clade</em></span> 
     </span>
    </p>
   </div>
   <div class='ocr_carea' id='block_1_2' title="bbox 180 659 1486 1558">
    <p class='ocr_par' dir='ltr' id='par_1_2' title="bbox 180 659 1486 1558">
     <span class='ocr_line' id='line_1_3' title="bbox 325 659 1402 777; baseline -0.019 -23"><span class='ocrx_word' id='word_1_10' title='bbox 325 673 517 754; x_wconf 76' lang='lat' dir='ltr'><em>rsotiota</em></span> <span class='ocrx_word' id='word_1_11' title='bbox 538 665 704 767; x_wconf 78' lang='lat' dir='ltr'><em>donatis,</em></span> <span class='ocrx_word' id='word_1_12' title='bbox 718 681 885 777; x_wconf 82' lang='lat' dir='ltr'><em>praeter</em></span> <span class='ocrx_word' id='word_1_13' title='bbox 905 659 1154 776; x_wconf 77' lang='lat' dir='ltr'><em>Gorgenque</em></span> <span class='ocrx_word' id='word_1_14' title='bbox 1167 683 1402 766; x_wconf 84' lang='lat' dir='ltr'><em>nurumque</em></span> 
     </span>
     <span class='ocr_line' id='line_1_4' title="bbox 180 773 1257 886; baseline -0.017 -14"><span class='ocrx_word' id='word_1_15' title='bbox 180 811 193 833; x_wconf 60' lang='lat'>²</span> <span class='ocrx_word' id='word_1_16' title='bbox 277 783 444 870; x_wconf 83' lang='lat' dir='ltr'><em>Nobilis</em></span> <span class='ocrx_word' id='word_1_17' title='bbox 463 783 712 882; x_wconf 82' lang='lat' dir='ltr'><em>Alcmenae,</em></span> <span class='ocrx_word' id='word_1_18' title='bbox 732 780 844 862; x_wconf 88' lang='lat' dir='ltr'><em>notis</em></span> <span class='ocrx_word' id='word_1_19' title='bbox 864 779 909 858; x_wconf 88' lang='lat' dir='ltr'><em>in</em></span> <span class='ocrx_word' id='word_1_20' title='bbox 927 803 1097 886; x_wconf 79' lang='lat' dir='ltr'><em>corpore</em></span> <span class='ocrx_word' id='word_1_21' title='bbox 1107 773 1257 882; x_wconf 85' lang='lat' dir='ltr'><em>pennis</em></span> 
     </span>
     <span class='ocr_line' id='line_1_5' title="bbox 279 885 1305 1006; baseline -0.013 -28"><span class='ocrx_word' id='word_1_22' title='bbox 279 897 465 996; x_wconf 77' lang='lat' dir='ltr'><em>Alteras,</em></span> <span class='ocrx_word' id='word_1_23' title='bbox 485 916 523 976; x_wconf 86' lang='lat' dir='ltr'><em>ct</em></span> <span class='ocrx_word' id='word_1_24' title='bbox 543 896 695 1006; x_wconf 79' lang='lat' dir='ltr'><em>longas</em></span> <span class='ocrx_word' id='word_1_25' title='bbox 708 923 785 1004; x_wconf 81' lang='lat' dir='ltr'><em>per</em></span> <span class='ocrx_word' id='word_1_26' title='bbox 800 891 971 973; x_wconf 83' lang='lat' dir='ltr'><em>bruciu&#39;o</em></span> <span class='ocrx_word' id='word_1_27' title='bbox 986 885 1168 999; x_wconf 82' lang='lat' dir='ltr'><em>porrigit</em></span> <span class='ocrx_word' id='word_1_28' title='bbox 1180 885 1274 966; x_wconf 85' lang='lat' dir='ltr'><em>alos</em></span> <span class='ocrx_word' id='word_1_29' title='bbox 1293 919 1305 976; x_wconf 91' lang='lat'><em>,·</em></span> 
     </span>
     <span class='ocr_line' id='line_1_6' title="bbox 284 994 1360 1118; baseline -0.02 -23"><span class='ocrx_word' id='word_1_30' title='bbox 284 1006 522 1118; x_wconf 74' lang='lat' dir='ltr'><em>Cornuaque</em></span> <span class='ocrx_word' id='word_1_31' title='bbox 542 1038 614 1092; x_wconf 86' lang='lat' dir='ltr'><em>oro</em></span> <span class='ocrx_word' id='word_1_32' title='bbox 622 1008 756 1116; x_wconf 81' lang='lat' dir='ltr'><em>facit,</em></span> <span class='ocrx_word' id='word_1_33' title='bbox 779 1033 995 1114; x_wconf 79' lang='lat' dir='ltr'><em>uersosque</em></span> <span class='ocrx_word' id='word_1_34' title='bbox 1009 1029 1087 1111; x_wconf 86' lang='lat' dir='ltr'><em>per</em></span> <span class='ocrx_word' id='word_1_35' title='bbox 1102 1011 1203 1082; x_wconf 68' lang='lat' dir='ltr'><em>adro</em></span> <span class='ocrx_word' id='word_1_36' title='bbox 1223 994 1360 1078; x_wconf 88' lang='lat' dir='ltr'><em>mittit.</em></span> 
     </span>
     <span class='ocr_line' id='line_1_7' title="bbox 337 1097 1486 1224; baseline -0.018 -20"><span class='ocrx_word' id='word_1_37' title='bbox 337 1123 499 1204; x_wconf 81' lang='lat' dir='ltr'><em>Interea</em></span> <span class='ocrx_word' id='word_1_38' title='bbox 525 1121 708 1204; x_wconf 76' lang='lat' dir='ltr'><em>Theseus</em></span> <span class='ocrx_word' id='word_1_39' title='bbox 727 1118 880 1202; x_wconf 85' lang='lat' dir='ltr'><em>sociati</em></span> <span class='ocrx_word' id='word_1_40' title='bbox 890 1131 1010 1224; x_wconf 84' lang='lat' dir='ltr'><em>purte</em></span> <span class='ocrx_word' id='word_1_41' title='bbox 1029 1113 1184 1194; x_wconf 78' lang='lat' dir='ltr'><em>loboris</em></span> <span class='ocrx_word' id='word_1_42' title='bbox 1409 1097 1486 1212; x_wconf 85' lang='grc'><em>546</em></span> 
     </span>
     <span class='ocr_line' id='line_1_8' title="bbox 282 1221 1364 1328; baseline -0.018 -9"><span class='ocrx_word' id='word_1_43' title='bbox 282 1233 493 1328; x_wconf 81' lang='lat' dir='ltr'><em>Functus,</em></span> <span class='ocrx_word' id='word_1_44' title='bbox 513 1231 771 1315; x_wconf 67' lang='lat' dir='ltr'><em>Erechthius</em></span> <span class='ocrx_word' id='word_1_45' title='bbox 793 1225 1034 1312; x_wconf 69' lang='lat' dir='ltr'><em>Tritonidos</em></span> <span class='ocrx_word' id='word_1_46' title='bbox 1052 1227 1139 1304; x_wconf 84' lang='lat' dir='ltr'><em>ibat</em></span> <span class='ocrx_word' id='word_1_47' title='bbox 1157 1221 1217 1303; x_wconf 86' lang='lat' dir='ltr'><em>ad</em></span> <span class='ocrx_word' id='word_1_48' title='bbox 1232 1247 1364 1302; x_wconf 83' lang='lat' dir='ltr'><em>orcos.</em></span> 
     </span>
     <span class='ocr_line' id='line_1_9' title="bbox 289 1335 1325 1454; baseline -0.022 -19"><span class='ocrx_word' id='word_1_49' title='bbox 289 1347 448 1434; x_wconf 87' lang='lat' dir='ltr'><em>Clausit</em></span> <span class='ocrx_word' id='word_1_50' title='bbox 468 1348 547 1427; x_wconf 81' lang='lat' dir='ltr'><em>iter</em></span> <span class='ocrx_word' id='word_1_51' title='bbox 561 1348 742 1454; x_wconf 74' lang='lat' dir='ltr'><em>fecitque</em></span> <span class='ocrx_word' id='word_1_52' title='bbox 761 1369 898 1424; x_wconf 88' lang='lat' dir='ltr'><em>moros</em></span> <span class='ocrx_word' id='word_1_53' title='bbox 963 1339 1129 1444; x_wconf 79' lang='lat' dir='ltr'><em>cireliins</em></span> <span class='ocrx_word' id='word_1_54' title='bbox 1150 1345 1171 1386; x_wconf 85' lang='lat'><strong>*</strong></span> <span class='ocrx_word' id='word_1_55' title='bbox 1191 1335 1325 1424; x_wconf 86' lang='lat' dir='ltr'><em>eunti,</em></span> 
     </span>
     <span class='ocr_line' id='line_1_10' title="bbox 284 1446 1407 1558; baseline -0.017 -16"><span class='ocrx_word' id='word_1_56' title='bbox 284 1463 417 1552; x_wconf 77' lang='lat' dir='ltr'><em>Imbro</em></span> <span class='ocrx_word' id='word_1_57' title='bbox 435 1477 604 1542; x_wconf 77' lang='lat' dir='ltr'><em>truncus,</em></span> <span class='ocrx_word' id='word_1_58' title='bbox 623 1453 810 1544; x_wconf 83' lang='lat' dir='ltr'><em>Succede</em></span> <span class='ocrx_word' id='word_1_59' title='bbox 828 1455 950 1546; x_wconf 89' lang='lat' dir='ltr'><em>meis,</em></span> <span class='ocrx_word' id='word_1_60' title='bbox 969 1452 1050 1551; x_wconf 85' lang='lat' dir='ltr'><em>ait,</em></span> <span class='ocrx_word' id='word_1_61' title='bbox 1069 1449 1245 1558; x_wconf 80' lang='lat' dir='ltr'><em>inclyte,</em></span> <span class='ocrx_word' id='word_1_62' title='bbox 1265 1446 1407 1550; x_wconf 85' lang='lat' dir='ltr'><em>tectis,</em></span> 
     </span>
    </p>
   </div>
   <div class='ocr_carea' id='block_1_3' title="bbox 279 2603 1521 4508">
    <p class='ocr_par' dir='ltr' id='par_1_3' title="bbox 279 2603 1509 2874">
     <span class='ocr_line' id='line_1_11' title="bbox 346 2603 1509 2685; baseline -0.009 -17"><span class='ocrx_word' id='word_1_63' title='bbox 346 2613 408 2682; x_wconf 67' lang='lat'><em>542.</em></span> <span class='ocrx_word' id='word_1_64' title='bbox 432 2611 609 2685; x_wconf 78' lang='lat' dir='ltr'><em>Nasumque.</em></span> <span class='ocrx_word' id='word_1_65' title='bbox 642 2606 827 2682; x_wconf 69' lang='lat' dir='ltr'><em>Deianiram,</em></span> <span class='ocrx_word' id='word_1_66' title='bbox 859 2623 977 2662; x_wconf 71' lang='lat' dir='ltr'><em>uxorem</em></span> <span class='ocrx_word' id='word_1_67' title='bbox 1004 2604 1153 2661; x_wconf 64' lang='lat' dir='ltr'><em>Beronum</em></span> <span class='ocrx_word' id='word_1_68' title='bbox 1181 2604 1317 2680; x_wconf 77' lang='lat' dir='ltr'><em>beneficio</em></span> <span class='ocrx_word' id='word_1_69' title='bbox 1345 2605 1454 2662; x_wconf 75' lang='lat' dir='ltr'><em>Bacchi</em></span> <span class='ocrx_word' id='word_1_70' title='bbox 1480 2603 1509 2658; x_wconf 85' lang='lat' dir='ltr'><em>id</em></span> 
     </span>
     <span class='ocr_line' id='line_1_12' title="bbox 279 2697 1508 2780; baseline -0.007 -19"><span class='ocrx_word' id='word_1_71' title='bbox 279 2704 401 2780; x_wconf 82' lang='lat' dir='ltr'><em>sactum</em></span> <span class='ocrx_word' id='word_1_72' title='bbox 420 2704 513 2774; x_wconf 84' lang='lat' dir='ltr'><em>(dicit</em></span> <span class='ocrx_word' id='word_1_73' title='bbox 533 2706 602 2759; x_wconf 77' lang='lat' dir='ltr'><em>Aac.</em></span> <span class='ocrx_word' id='word_1_74' title='bbox 621 2701 785 2774; x_wconf 79' lang='lat' dir='ltr'><em>Liberalis)</em></span> <span class='ocrx_word' id='word_1_75' title='bbox 802 2702 851 2756; x_wconf 87' lang='lat' dir='ltr'><em>cui</em></span> <span class='ocrx_word' id='word_1_76' title='bbox 871 2719 935 2754; x_wconf 86' lang='lat' dir='ltr'><em>eam</em></span> <span class='ocrx_word' id='word_1_77' title='bbox 955 2701 1085 2776; x_wconf 77' lang='lat' dir='ltr'><em>gratiam</em></span> <span class='ocrx_word' id='word_1_78' title='bbox 1107 2701 1206 2754; x_wconf 85' lang='lat' dir='ltr'><em>Diana</em></span> <span class='ocrx_word' id='word_1_79' title='bbox 1221 2697 1348 2770; x_wconf 82' lang='lat' dir='ltr'><em>fecerat.</em></span> <span class='ocrx_word' id='word_1_80' title='bbox 1371 2701 1508 2774; x_wconf 74' lang='lat' dir='ltr'><em>Reliquae</em></span> 
     </span>
     <span class='ocr_line' id='line_1_13' title="bbox 290 2791 1319 2874; baseline -0.01 -18"><span class='ocrx_word' id='word_1_81' title='bbox 290 2801 320 2856; x_wconf 88' lang='lat' dir='ltr'><em>itt</em></span> <span class='ocrx_word' id='word_1_82' title='bbox 338 2797 534 2874; x_wconf 80' lang='lat' dir='ltr'><em>Meleagrides</em></span> <span class='ocrx_word' id='word_1_83' title='bbox 552 2813 619 2851; x_wconf 86' lang='lat' dir='ltr'><em>aves</em></span> <span class='ocrx_word' id='word_1_84' title='bbox 638 2794 808 2862; x_wconf 80' lang='lat' dir='ltr'><em>versoe‚de</em></span> <span class='ocrx_word' id='word_1_85' title='bbox 826 2795 928 2871; x_wconf 75' lang='lat' dir='ltr'><em>picibus</em></span> <span class='ocrx_word' id='word_1_86' title='bbox 948 2793 1023 2850; x_wconf 70' lang='lat' dir='ltr'><em>Ptin.</em></span> <span class='ocrx_word' id='word_1_87' title='bbox 1046 2791 1094 2848; x_wconf 73' lang='lat' dir='ltr'><em>tit.</em></span> <span class='ocrx_word' id='word_1_88' title='bbox 1120 2811 1163 2849; x_wconf 85' lang='grc' dir='ltr'><em>ιο.</em></span> <span class='ocrx_word' id='word_1_89' title='bbox 1185 2809 1249 2866; x_wconf 74' lang='lat' dir='ltr'><em>cap.</em></span> <span class='ocrx_word' id='word_1_90' title='bbox 1274 2796 1319 2847; x_wconf 78' lang='lat'><em>26.</em></span> 
     </span>
    </p>

    <p class='ocr_par' dir='ltr' id='par_1_4' title="bbox 352 2883 832 2960">
     <span class='ocr_line' id='line_1_14' title="bbox 352 2883 832 2960; baseline -0.013 -14"><span class='ocrx_word' id='word_1_91' title='bbox 352 2893 414 2960; x_wconf 87' lang='grc'><strong>544.</strong></span> <span class='ocrx_word' id='word_1_92' title='bbox 437 2885 557 2945; x_wconf 69' lang='lat' dir='ltr'><em>Alienat.</em></span> <span class='ocrx_word' id='word_1_93' title='bbox 578 2889 612 2942; x_wconf 83' lang='lat' dir='ltr'><em>In</em></span> <span class='ocrx_word' id='word_1_94' title='bbox 632 2904 726 2941; x_wconf 85' lang='lat' dir='ltr'><em>aerem</em></span> <span class='ocrx_word' id='word_1_95' title='bbox 747 2883 832 2940; x_wconf 76' lang='lat' dir='ltr'><em>tollit.</em></span> 
     </span>
    </p>

    <p class='ocr_par' dir='ltr' id='par_1_5' title="bbox 285 2973 1511 3243">
     <span class='ocr_line' id='line_1_15' title="bbox 352 2973 1510 3052; baseline -0.007 -17"><span class='ocrx_word' id='word_1_96' title='bbox 352 2983 414 3051; x_wconf 81' lang='grc'><strong>545.</strong></span> <span class='ocrx_word' id='word_1_97' title='bbox 436 2979 602 3052; x_wconf 76' lang='lat' dir='ltr'><em>corneaque</em></span> <span class='ocrx_word' id='word_1_98' title='bbox 622 2997 669 3033; x_wconf 87' lang='lat' dir='ltr'><em>ora</em></span> <span class='ocrx_word' id='word_1_99' title='bbox 689 2977 765 3032; x_wconf 77' lang='lat' dir='ltr'><em>fucit.</em></span> <span class='ocrx_word' id='word_1_100' title='bbox 786 2979 847 3030; x_wconf 83' lang='lat' dir='ltr'><em>Hoc</em></span> <span class='ocrx_word' id='word_1_101' title='bbox 867 2987 925 3040; x_wconf 86' lang='lat' dir='ltr'><em>est,</em></span> <span class='ocrx_word' id='word_1_102' title='bbox 946 2995 999 3030; x_wconf 89' lang='lat' dir='ltr'><em>ora</em></span> <span class='ocrx_word' id='word_1_103' title='bbox 1019 2979 1048 3030; x_wconf 87' lang='lat' dir='ltr'><em>in</em></span> <span class='ocrx_word' id='word_1_104' title='bbox 1069 2983 1164 3030; x_wconf 85' lang='lat' dir='ltr'><em>rostra</em></span> <span class='ocrx_word' id='word_1_105' title='bbox 1184 2975 1333 3030; x_wconf 80' lang='lat' dir='ltr'><em>convertit.</em></span> <span class='ocrx_word' id='word_1_106' title='bbox 1349 2973 1510 3050; x_wconf 75' lang='lat' dir='ltr'><em>versasque</em></span> 
     </span>
     <span class='ocr_line' id='line_1_16' title="bbox 293 3064 1511 3148; baseline -0.005 -24"><span class='ocrx_word' id='word_1_107' title='bbox 293 3091 344 3148; x_wconf 82' lang='lat' dir='ltr'><em>per</em></span> <span class='ocrx_word' id='word_1_108' title='bbox 364 3075 427 3126; x_wconf 68' lang='grc' dir='ltr'><em>οὔτε</em></span> <span class='ocrx_word' id='word_1_109' title='bbox 447 3067 588 3123; x_wconf 70' lang='lat' dir='ltr'><em>ministr.</em></span> <span class='ocrx_word' id='word_1_110' title='bbox 601 3086 671 3123; x_wconf 87' lang='lat' dir='ltr'><em>aves</em></span> <span class='ocrx_word' id='word_1_111' title='bbox 688 3077 889 3132; x_wconf 71' lang='lat' dir='ltr'><em>consuscitatus,</em></span> <span class='ocrx_word' id='word_1_112' title='bbox 902 3085 977 3142; x_wconf 88' lang='lat' dir='ltr'><em>quae</em></span> <span class='ocrx_word' id='word_1_113' title='bbox 991 3064 1187 3141; x_wconf 79' lang='lat' dir='ltr'><em>Meleagrides</em></span> <span class='ocrx_word' id='word_1_114' title='bbox 1205 3069 1225 3119; x_wconf 75' lang='lat' dir='ltr'><em>d</em></span> <span class='ocrx_word' id='word_1_115' title='bbox 1244 3065 1398 3141; x_wconf 76' lang='lat' dir='ltr'><em>Meleagro</em></span> <span class='ocrx_word' id='word_1_116' title='bbox 1410 3064 1511 3139; x_wconf 81' lang='lat' dir='ltr'><em>fratre</em></span> 
     </span>
     <span class='ocr_line' id='line_1_17' title="bbox 285 3156 1511 3243; baseline -0.004 -27"><span class='ocrx_word' id='word_1_117' title='bbox 285 3159 416 3243; x_wconf 80' lang='lat' dir='ltr'><em>suerunt</em></span> <span class='ocrx_word' id='word_1_118' title='bbox 435 3161 663 3234; x_wconf 79' lang='lat' dir='ltr'><em>cognominatae.</em></span> <span class='ocrx_word' id='word_1_119' title='bbox 675 3162 718 3213; x_wconf 85' lang='lat' dir='ltr'><em>De</em></span> <span class='ocrx_word' id='word_1_120' title='bbox 729 3157 830 3234; x_wconf 82' lang='lat' dir='ltr'><em>quibus</em></span> <span class='ocrx_word' id='word_1_121' title='bbox 843 3157 955 3216; x_wconf 78' lang='lat' dir='ltr'><em>Plinius</em></span> <span class='ocrx_word' id='word_1_122' title='bbox 966 3157 1014 3214; x_wconf 84' lang='lat' dir='ltr'><em>lib.</em></span> <span class='ocrx_word' id='word_1_123' title='bbox 1034 3156 1153 3222; x_wconf 83' lang='lat' dir='ltr'><em>decimo,</em></span> <span class='ocrx_word' id='word_1_124' title='bbox 1164 3159 1263 3230; x_wconf 81' lang='lat' dir='ltr'><em>capite</em></span> <span class='ocrx_word' id='word_1_125' title='bbox 1276 3158 1411 3230; x_wconf 73' lang='lat' dir='ltr'><em>vigesimo</em></span> <span class='ocrx_word' id='word_1_126' title='bbox 1421 3167 1511 3212; x_wconf 77' lang='lat' dir='ltr'><em>sento.</em></span> 
     </span>
    </p>

    <p class='ocr_par' dir='ltr' id='par_1_6' title="bbox 296 3248 1520 4312">
     <span class='ocr_line' id='line_1_18' title="bbox 351 3248 1516 3327; baseline -0.003 -21"><span class='ocrx_word' id='word_1_127' title='bbox 351 3253 420 3306; x_wconf 74' lang='lat' dir='ltr'><em>Fan.</em></span> <span class='ocrx_word' id='word_1_128' title='bbox 443 3251 483 3306; x_wconf 80' lang='lat' dir='ltr'><em>V.</em></span> <span class='ocrx_word' id='word_1_129' title='bbox 515 3250 583 3326; x_wconf 79' lang='lat' dir='ltr'><em>Arg.</em></span> <span class='ocrx_word' id='word_1_130' title='bbox 620 3252 731 3306; x_wconf 86' lang='lat' dir='ltr'><em>interea</em></span> <span class='ocrx_word' id='word_1_131' title='bbox 763 3249 896 3304; x_wconf 68' lang='lat' dir='ltr'><em>Theseus.</em></span> <span class='ocrx_word' id='word_1_132' title='bbox 938 3249 1007 3306; x_wconf 83' lang='lat' dir='ltr'><em>Mira</em></span> <span class='ocrx_word' id='word_1_133' title='bbox 1038 3248 1183 3327; x_wconf 71' lang='lat' dir='ltr'><em>phantasia</em></span> <span class='ocrx_word' id='word_1_134' title='bbox 1215 3249 1342 3324; x_wconf 87' lang='lat' dir='ltr'><em>quinque</em></span> <span class='ocrx_word' id='word_1_135' title='bbox 1377 3249 1516 3308; x_wconf 75' lang='lat' dir='ltr'><em>Naiadum</em></span> 
     </span>
     <span class='ocr_line' id='line_1_19' title="bbox 296 3341 1518 3418; baseline -0.002 -18"><span class='ocrx_word' id='word_1_136' title='bbox 296 3343 562 3400; x_wconf 70' lang='lat' dir='ltr'><em>transmutationem</em></span> <span class='ocrx_word' id='word_1_137' title='bbox 582 3344 610 3396; x_wconf 89' lang='lat' dir='ltr'><em>iu</em></span> <span class='ocrx_word' id='word_1_138' title='bbox 631 3341 736 3399; x_wconf 80' lang='lat' dir='ltr'><em>insulas</em></span> <span class='ocrx_word' id='word_1_139' title='bbox 747 3361 810 3397; x_wconf 89' lang='lat' dir='ltr'><em>cum</em></span> <span class='ocrx_word' id='word_1_140' title='bbox 834 3342 977 3418; x_wconf 80' lang='lat' dir='ltr'><em>superiore</em></span> <span class='ocrx_word' id='word_1_141' title='bbox 992 3341 1086 3399; x_wconf 74' lang='lat' dir='ltr'><em>tabuta</em></span> <span class='ocrx_word' id='word_1_142' title='bbox 1101 3347 1183 3418; x_wconf 69' lang='lat' dir='ltr'><em>podta</em></span> <span class='ocrx_word' id='word_1_143' title='bbox 1196 3342 1352 3400; x_wconf 84' lang='lat' dir='ltr'><em>connectit.</em></span> <span class='ocrx_word' id='word_1_144' title='bbox 1363 3343 1518 3400; x_wconf 79' lang='lat' dir='ltr'><em>Interfecto</em></span> 
     </span>
     <span class='ocr_line' id='line_1_20' title="bbox 297 3419 1515 3508; baseline 0 -18"><span class='ocrx_word' id='word_1_145' title='bbox 297 3453 420 3508; x_wconf 86' lang='lat' dir='ltr'><em>namque</em></span> <span class='ocrx_word' id='word_1_146' title='bbox 440 3431 598 3508; x_wconf 80' lang='lat' dir='ltr'><em>Calydonio</em></span> <span class='ocrx_word' id='word_1_147' title='bbox 619 3419 709 3508; x_wconf 76' lang='lat' dir='ltr'><em>apic,</em></span> <span class='ocrx_word' id='word_1_148' title='bbox 730 3430 857 3488; x_wconf 85' lang='lat' dir='ltr'><em>Theseus</em></span> <span class='ocrx_word' id='word_1_149' title='bbox 875 3451 940 3488; x_wconf 88' lang='lat' dir='ltr'><em>oum</em></span> <span class='ocrx_word' id='word_1_150' title='bbox 964 3431 1091 3490; x_wconf 78' lang='lat' dir='ltr'><em>Athenas</em></span> <span class='ocrx_word' id='word_1_151' title='bbox 1110 3432 1235 3503; x_wconf 88' lang='lat' dir='ltr'><em>rediret,</em></span> <span class='ocrx_word' id='word_1_152' title='bbox 1267 3433 1341 3489; x_wconf 69' lang='lat' dir='ltr'><em>forta</em></span> <span class='ocrx_word' id='word_1_153' title='bbox 1376 3431 1515 3490; x_wconf 71' lang='lat' dir='ltr'><em>Achelous</em></span> 
     </span>
     <span class='ocr_line' id='line_1_21' title="bbox 299 3519 1518 3592; baseline -0.002 -12"><span class='ocrx_word' id='word_1_154' title='bbox 299 3523 403 3580; x_wconf 79' lang='lat' dir='ltr'><em>fluvius</em></span> <span class='ocrx_word' id='word_1_155' title='bbox 421 3522 554 3578; x_wconf 82' lang='lat' dir='ltr'><em>AEtoiiam</em></span> <span class='ocrx_word' id='word_1_156' title='bbox 576 3519 612 3578; x_wconf 83' lang='lat' dir='ltr'><em>ab</em></span> <span class='ocrx_word' id='word_1_157' title='bbox 632 3521 790 3578; x_wconf 72' lang='lat' dir='ltr'><em>Aceraunis</em></span> <span class='ocrx_word' id='word_1_158' title='bbox 811 3521 1010 3580; x_wconf 75' lang='lat' dir='ltr'><em>disterminans</em></span> <span class='ocrx_word' id='word_1_159' title='bbox 1029 3524 1069 3580; x_wconf 86' lang='lat' dir='ltr'><em>sie</em></span> <span class='ocrx_word' id='word_1_160' title='bbox 1089 3523 1275 3592; x_wconf 86' lang='lat' dir='ltr'><em>intumuerat,</em></span> <span class='ocrx_word' id='word_1_161' title='bbox 1294 3535 1325 3581; x_wconf 91' lang='lat' dir='ltr'><em>ut</em></span> <span class='ocrx_word' id='word_1_162' title='bbox 1347 3535 1427 3582; x_wconf 85' lang='lat' dir='ltr'><em>tutus</em></span> <span class='ocrx_word' id='word_1_163' title='bbox 1448 3536 1518 3580; x_wconf 84' lang='lat' dir='ltr'><em>tran-</em></span> 
     </span>
     <span class='ocr_line' id='line_1_22' title="bbox 298 3610 1518 3686; baseline 0 -16"><span class='ocrx_word' id='word_1_164' title='bbox 298 3611 368 3670; x_wconf 82' lang='lat' dir='ltr'><em>situs</em></span> <span class='ocrx_word' id='word_1_165' title='bbox 388 3613 615 3670; x_wconf 66' lang='lat' dir='ltr'><em>consideretur.</em></span> <span class='ocrx_word' id='word_1_166' title='bbox 639 3611 776 3670; x_wconf 74' lang='lat' dir='ltr'><em>inritatus</em></span> <span class='ocrx_word' id='word_1_167' title='bbox 797 3611 883 3686; x_wconf 75' lang='lat' dir='ltr'><em>igitur</em></span> <span class='ocrx_word' id='word_1_168' title='bbox 902 3613 1030 3670; x_wconf 77' lang='lat' dir='ltr'><em>Theseus</em></span> <span class='ocrx_word' id='word_1_169' title='bbox 1049 3613 1065 3668; x_wconf 70' lang='lat' dir='ltr'><em>i</em></span> <span class='ocrx_word' id='word_1_170' title='bbox 1086 3610 1209 3670; x_wconf 87' lang='lat' dir='ltr'><em>fluminis</em></span> <span class='ocrx_word' id='word_1_171' title='bbox 1231 3615 1292 3671; x_wconf 86' lang='lat' dir='ltr'><em>Deo</em></span> <span class='ocrx_word' id='word_1_172' title='bbox 1313 3613 1453 3681; x_wconf 75' lang='lat' dir='ltr'><em>Acheloo,</em></span> <span class='ocrx_word' id='word_1_173' title='bbox 1472 3612 1518 3670; x_wconf 90' lang='lat' dir='ltr'><em>do·</em></span> 
     </span>
     <span class='ocr_line' id='line_1_23' title="bbox 300 3703 1519 3784; baseline 0 -22"><span class='ocrx_word' id='word_1_174' title='bbox 300 3725 376 3768; x_wconf 85' lang='lat' dir='ltr'><em>mum</em></span> <span class='ocrx_word' id='word_1_175' title='bbox 397 3704 473 3762; x_wconf 84' lang='lat' dir='ltr'><em>iliius</em></span> <span class='ocrx_word' id='word_1_176' title='bbox 491 3705 625 3772; x_wconf 79' lang='lat' dir='ltr'><em>intravit,</em></span> <span class='ocrx_word' id='word_1_177' title='bbox 648 3703 784 3782; x_wconf 83' lang='lat' dir='ltr'><em>tantisper</em></span> <span class='ocrx_word' id='word_1_178' title='bbox 804 3703 860 3762; x_wconf 72' lang='lat' dir='ltr'><em>illic</em></span> <span class='ocrx_word' id='word_1_179' title='bbox 880 3705 1006 3773; x_wconf 82' lang='lat' dir='ltr'><em>futurus,</em></span> <span class='ocrx_word' id='word_1_180' title='bbox 1026 3705 1095 3762; x_wconf 86' lang='lat' dir='ltr'><em>dum</em></span> <span class='ocrx_word' id='word_1_181' title='bbox 1114 3718 1178 3763; x_wconf 88' lang='lat' dir='ltr'><em>tuto</em></span> <span class='ocrx_word' id='word_1_182' title='bbox 1198 3708 1317 3764; x_wconf 87' lang='lat' dir='ltr'><em>transire</em></span> <span class='ocrx_word' id='word_1_183' title='bbox 1331 3721 1436 3784; x_wconf 83' lang='lat' dir='ltr'><em>posset.</em></span> <span class='ocrx_word' id='word_1_184' title='bbox 1450 3708 1519 3764; x_wconf 80' lang='lat' dir='ltr'><em>Gom</em></span> 
     </span>
     <span class='ocr_line' id='line_1_24' title="bbox 299 3795 1518 3874; baseline 0.002 -22"><span class='ocrx_word' id='word_1_185' title='bbox 299 3814 368 3852; x_wconf 78' lang='lat' dir='ltr'><em>vero</em></span> <span class='ocrx_word' id='word_1_186' title='bbox 389 3807 451 3872; x_wconf 86' lang='lat' dir='ltr'><em>post</em></span> <span class='ocrx_word' id='word_1_187' title='bbox 470 3814 588 3852; x_wconf 85' lang='lat' dir='ltr'><em>coenum</em></span> <span class='ocrx_word' id='word_1_188' title='bbox 607 3795 735 3858; x_wconf 81' lang='lat' dir='ltr'><em>Theseus</em></span> <span class='ocrx_word' id='word_1_189' title='bbox 755 3795 783 3851; x_wconf 88' lang='lat' dir='ltr'><em>in</em></span> <span class='ocrx_word' id='word_1_190' title='bbox 805 3815 880 3850; x_wconf 86' lang='lat' dir='ltr'><em>mare</em></span> <span class='ocrx_word' id='word_1_191' title='bbox 901 3796 1076 3873; x_wconf 87' lang='lat' dir='ltr'><em>prospiciens</em></span> <span class='ocrx_word' id='word_1_192' title='bbox 1097 3795 1212 3854; x_wconf 74' lang='lat' dir='ltr'><em>vidisset</em></span> <span class='ocrx_word' id='word_1_193' title='bbox 1238 3795 1342 3854; x_wconf 86' lang='lat' dir='ltr'><em>insulas</em></span> <span class='ocrx_word' id='word_1_194' title='bbox 1368 3801 1518 3874; x_wconf 64' lang='lat' dir='ltr'><em>(insumam,</em></span> 
     </span>
     <span class='ocr_line' id='line_1_25' title="bbox 299 3886 1519 3967; baseline -0.002 -21"><span class='ocrx_word' id='word_1_195' title='bbox 299 3886 459 3946; x_wconf 77' lang='lat' dir='ltr'><em>Acheloum</em></span> <span class='ocrx_word' id='word_1_196' title='bbox 481 3888 614 3964; x_wconf 80' lang='lat' dir='ltr'><em>rogavit,</em></span> <span class='ocrx_word' id='word_1_197' title='bbox 632 3899 704 3962; x_wconf 89' lang='lat' dir='ltr'><em>quot</em></span> <span class='ocrx_word' id='word_1_198' title='bbox 723 3887 786 3944; x_wconf 83' lang='lat' dir='ltr'><em>iiine</em></span> <span class='ocrx_word' id='word_1_199' title='bbox 808 3900 922 3955; x_wconf 83' lang='lat' dir='ltr'><em>essent,</em></span> <span class='ocrx_word' id='word_1_200' title='bbox 941 3908 974 3944; x_wconf 86' lang='lat' dir='ltr'><em>ac</em></span> <span class='ocrx_word' id='word_1_201' title='bbox 994 3907 1052 3964; x_wconf 90' lang='lat' dir='ltr'><em>quo</em></span> <span class='ocrx_word' id='word_1_202' title='bbox 1078 3889 1191 3945; x_wconf 88' lang='lat' dir='ltr'><em>nomine</em></span> <span class='ocrx_word' id='word_1_203' title='bbox 1221 3889 1455 3967; x_wconf 79' lang='lat' dir='ltr'><em>appellarentur:</em></span> <span class='ocrx_word' id='word_1_204' title='bbox 1474 3889 1519 3948; x_wconf 88' lang='lat' dir='ltr'><em>cui</em></span> 
     </span>
     <span class='ocr_line' id='line_1_26' title="bbox 298 3975 1516 4058; baseline 0.001 -23"><span class='ocrx_word' id='word_1_205' title='bbox 298 3975 443 4035; x_wconf 77' lang='lat' dir='ltr'><em>Achelous</em></span> <span class='ocrx_word' id='word_1_206' title='bbox 462 3978 615 4054; x_wconf 81' lang='lat' dir='ltr'><em>respondit.</em></span> <span class='ocrx_word' id='word_1_207' title='bbox 634 3977 754 4034; x_wconf 77' lang='lat' dir='ltr'><em>Naiadas</em></span> <span class='ocrx_word' id='word_1_208' title='bbox 773 3980 901 4055; x_wconf 81' lang='lat' dir='ltr'><em>quinque</em></span> <span class='ocrx_word' id='word_1_209' title='bbox 921 3977 1005 4034; x_wconf 77' lang='lat' dir='ltr'><em>fuisse</em></span> <span class='ocrx_word' id='word_1_210' title='bbox 1026 3979 1139 4036; x_wconf 84' lang='lat' dir='ltr'><em>iliorum</em></span> <span class='ocrx_word' id='word_1_211' title='bbox 1159 3978 1286 4037; x_wconf 83' lang='lat' dir='ltr'><em>iocorum</em></span> <span class='ocrx_word' id='word_1_212' title='bbox 1306 3981 1427 4048; x_wconf 82' lang='lat' dir='ltr'><em>accolae,</em></span> <span class='ocrx_word' id='word_1_213' title='bbox 1447 4001 1516 4058; x_wconf 88' lang='lat' dir='ltr'><em>quae</em></span> 
     </span>
     <span class='ocr_line' id='line_1_27' title="bbox 301 4067 1520 4145; baseline 0.002 -21"><span class='ocrx_word' id='word_1_214' title='bbox 301 4087 364 4124; x_wconf 87' lang='lat' dir='ltr'><em>curn</em></span> <span class='ocrx_word' id='word_1_215' title='bbox 385 4067 448 4124; x_wconf 81' lang='lat' dir='ltr'><em>aliis</em></span> <span class='ocrx_word' id='word_1_216' title='bbox 467 4069 528 4124; x_wconf 87' lang='lat' dir='ltr'><em>Diis</em></span> <span class='ocrx_word' id='word_1_217' title='bbox 548 4087 577 4124; x_wconf 88' lang='lat' dir='ltr'><em>se</em></span> <span class='ocrx_word' id='word_1_218' title='bbox 597 4079 694 4145; x_wconf 86' lang='lat' dir='ltr'><em>spreto</em></span> <span class='ocrx_word' id='word_1_219' title='bbox 712 4067 937 4134; x_wconf 82' lang='lat' dir='ltr'><em>sacrificassent,</em></span> <span class='ocrx_word' id='word_1_220' title='bbox 957 4089 1003 4129; x_wconf 83' lang='lat' dir='ltr'><em>eus</em></span> <span class='ocrx_word' id='word_1_221' title='bbox 1031 4091 1097 4128; x_wconf 86' lang='lat' dir='ltr'><em>cum</em></span> <span class='ocrx_word' id='word_1_222' title='bbox 1123 4067 1190 4126; x_wconf 85' lang='lat' dir='ltr'><em>iocis</em></span> <span class='ocrx_word' id='word_1_223' title='bbox 1210 4071 1267 4128; x_wconf 84' lang='lat' dir='ltr'><em>suia</em></span> <span class='ocrx_word' id='word_1_224' title='bbox 1293 4072 1322 4126; x_wconf 87' lang='lat' dir='ltr'><em>iu</em></span> <span class='ocrx_word' id='word_1_225' title='bbox 1359 4091 1434 4128; x_wconf 85' lang='lat' dir='ltr'><em>mare</em></span> <span class='ocrx_word' id='word_1_226' title='bbox 1460 4072 1520 4126; x_wconf 70' lang='lat' dir='ltr'><em>ise</em></span> 
     </span>
     <span class='ocr_line' id='line_1_28' title="bbox 299 4160 1520 4240; baseline 0.001 -23"><span class='ocrx_word' id='word_1_227' title='bbox 299 4161 448 4238; x_wconf 79' lang='lat' dir='ltr'><em>indignato</em></span> <span class='ocrx_word' id='word_1_228' title='bbox 466 4161 550 4221; x_wconf 79' lang='lat' dir='ltr'><em>fuisso</em></span> <span class='ocrx_word' id='word_1_229' title='bbox 572 4160 788 4238; x_wconf 61' lang='lat' dir='ltr'><em>provolutam</em></span> <span class='ocrx_word' id='word_1_230' title='bbox 800 4162 829 4218; x_wconf 86' lang='lat' dir='ltr'><em>ia</em></span> <span class='ocrx_word' id='word_1_231' title='bbox 848 4161 953 4220; x_wconf 79' lang='lat' dir='ltr'><em>insulas</em></span> <span class='ocrx_word' id='word_1_232' title='bbox 973 4162 1118 4240; x_wconf 85' lang='lat' dir='ltr'><em>quinque,</em></span> <span class='ocrx_word' id='word_1_233' title='bbox 1137 4162 1251 4219; x_wconf 90' lang='lat' dir='ltr'><em>nomine</em></span> <span class='ocrx_word' id='word_1_234' title='bbox 1266 4161 1434 4232; x_wconf 85' lang='lat' dir='ltr'><em>Echinadas,</em></span> <span class='ocrx_word' id='word_1_235' title='bbox 1448 4182 1520 4220; x_wconf 86' lang='lat' dir='ltr'><em>cnm·</em></span> 
     </span>
     <span class='ocr_line' id='line_1_29' title="bbox 301 4265 433 4312; baseline -0.03 0"><span class='ocrx_word' id='word_1_236' title='bbox 301 4265 433 4312; x_wconf 84' lang='lat' dir='ltr'><em>mutatus.</em></span> 
     </span>
    </p>

    <p class='ocr_par' dir='ltr' id='par_1_7' title="bbox 302 4341 1521 4508">
     <span class='ocr_line' id='line_1_30' title="bbox 360 4341 1521 4423; baseline -0.003 -23"><span class='ocrx_word' id='word_1_237' title='bbox 360 4348 425 4420; x_wconf 79' lang='grc'><strong>546.</strong></span> <span class='ocrx_word' id='word_1_238' title='bbox 447 4343 567 4400; x_wconf 79' lang='lat' dir='ltr'><em>sociata.</em></span> <span class='ocrx_word' id='word_1_239' title='bbox 587 4341 764 4420; x_wconf 73' lang='lat' dir='ltr'><em>conficiendi</em></span> <span class='ocrx_word' id='word_1_240' title='bbox 783 4347 849 4419; x_wconf 80' lang='lat' dir='ltr'><em>apri</em></span> <span class='ocrx_word' id='word_1_241' title='bbox 869 4343 969 4406; x_wconf 81' lang='lat' dir='ltr'><em>labore</em></span> <span class='ocrx_word' id='word_1_242' title='bbox 979 4343 1126 4422; x_wconf 86' lang='lat' dir='ltr'><em>sanctus,</em></span> <span class='ocrx_word' id='word_1_243' title='bbox 1147 4366 1228 4423; x_wconf 86' lang='lat' dir='ltr'><em>quern</em></span> <span class='ocrx_word' id='word_1_244' title='bbox 1248 4347 1354 4403; x_wconf 87' lang='lat' dir='ltr'><em>socium</em></span> <span class='ocrx_word' id='word_1_245' title='bbox 1386 4354 1414 4400; x_wconf 89' lang='lat' dir='ltr'><em>et</em></span> <span class='ocrx_word' id='word_1_246' title='bbox 1441 4343 1521 4400; x_wconf 79' lang='lat' dir='ltr'><em>auxi-</em></span> 
     </span>
     <span class='ocr_line' id='line_1_31' title="bbox 302 4435 713 4508; baseline -0.01 -16"><span class='ocrx_word' id='word_1_247' title='bbox 302 4435 403 4494; x_wconf 84' lang='lat' dir='ltr'><em>tiarem</em></span> <span class='ocrx_word' id='word_1_248' title='bbox 423 4435 577 4508; x_wconf 76' lang='lat' dir='ltr'><em>Meleagro</em></span> <span class='ocrx_word' id='word_1_249' title='bbox 596 4435 713 4490; x_wconf 82' lang='lat' dir='ltr'><em>tulerat.</em></span> 
     </span>
    </p>
   </div>
   <div class='ocr_carea' id='block_1_4' title="bbox 360 4525 1210 4606">
    <p class='ocr_par' dir='ltr' id='par_1_8' title="bbox 360 4525 1210 4606">
     <span class='ocr_line' id='line_1_32' title="bbox 360 4525 1210 4606; baseline -0.001 -21"><span class='ocrx_word' id='word_1_250' title='bbox 360 4533 422 4600; x_wconf 69' lang='lat'><em>547.</em></span> <span class='ocrx_word' id='word_1_251' title='bbox 444 4525 624 4586; x_wconf 82' lang='lat' dir='ltr'><em>Erechtheus.</em></span> <span class='ocrx_word' id='word_1_252' title='bbox 647 4527 777 4586; x_wconf 75' lang='lat' dir='ltr'><em>Athenas</em></span> <span class='ocrx_word' id='word_1_253' title='bbox 796 4527 956 4586; x_wconf 75' lang='lat' dir='ltr'><em>Erectttno</em></span> <span class='ocrx_word' id='word_1_254' title='bbox 975 4529 1042 4584; x_wconf 81' lang='lat' dir='ltr'><em>oiim</em></span> <span class='ocrx_word' id='word_1_255' title='bbox 1062 4537 1210 4606; x_wconf 79' lang='lat' dir='ltr'><em>regnatas.</em></span> 
     </span>
    </p>
   </div>
   <div class='ocr_carea' id='block_1_5' title="bbox 0 0 1667 5248">
    <p class='ocr_par' dir='ltr' id='par_1_9' title="bbox 0 0 1667 5248">
     <span class='ocr_line' id='line_1_33' title="bbox 0 0 1667 5248; baseline 0 0"><span class='ocrx_word' id='word_1_256' title='bbox 0 0 1667 5248; x_wconf 95' lang='lat' dir='ltr'><em> </em></span> 
     </span>
    </p>
   </div>
  </div>
 </body>
</html>
