3274 5268
377 361 431 470 84
716 382 750 436 Ρ.
771 377 897 458 otton
916 373 1080 434 ursonis

297 507 415 593 Colla
435 519 574 585 torosa
592 503 711 581 boum
730 499 967 579 vinctorum
986 520 1143 576 cornua
1163 489 1288 594 vittis.

295 619 450 706 Nullus
467 609 738 699 Erechthidis
746 610 890 716 fertur
904 604 1146 688 celebratior
1160 602 1212 682 ill
1424 599 1506 706 430
1612 641 1613 718 f

301 731 504 822 illuxisse
522 724 624 807 dies.
643 725 826 836 Agitant
846 720 1031 803 conuiuia
1045 733 1205 826 potres,

301 844 365 932 Et
383 839 561 922 medium
581 837 743 949 uulgus:
761 865 838 918 nec
857 861 939 914 uon
958 849 996 912 et
1016 829 1217 918 carmina,
1236 827 1330 908 uino

298 955 516 1066 Ingenium
526 950 733 1060 faciente,
755 963 923 1030 canunt.
946 943 1025 1037 Te,
1045 943 1227 1022 maxime
1246 937 1289 1019 T
1285 939 1426 1027 insen,

295 1069 460 1154 Mirata
478 1081 539 1146 est
560 1061 791 1148 Marathon
813 1057 976 1142 Cretaei
993 1053 1199 1167 sanguine
1218 1052 1351 1131 tauri:
1425 1045 1513 1156 434

301 1177 504 1291 Quodque
522 1178 610 1258 suis
629 1201 798 1256 securus
816 1187 909 1253 arat
932 1167 1167 1280 Cromyona
1187 1161 1383 1260 colonus,

298 1291 462 1374 Munus
473 1351 487 1396 ,
508 1315 688 1398 opusque
707 1302 820 1366 tuum
840 1302 918 1388 est,
937 1282 1064 1362 tellus
1083 1273 1323 1388 Epidauria
1336 1303 1415 1383 per
1430 1289 1473 1355 te

305 1401 576 1513 Claoigeratn
595 1395 706 1480 vidit
730 1397 915 1484 Vulcani
932 1393 1169 1476 occumbere
1182 1388 1360 1498 prolem.-

307 1509 427 1608 Vidit
446 1530 484 1596 et
502 1512 695 1600 immitem
718 1509 938 1618 Ceplsesias
957 1534 1030 1588 ora
1049 1503 1311 1585 Procrusten:

355 2265 595 2340 429.Vinctarurn
615 2279 731 2320 carnus.
743 2260 913 2316 Habentium
933 2278 1041 2316 cornua
1061 2261 1139 2316 vittis
1157 2258 1305 2334 colligata.
1325 2259 1374 2311 tta
1394 2260 1470 2314 enine
1497 2261 1534 2312 vt·

300 2363 406 2420 atienae
425 2357 561 2411 exornari
579 2351 707 2408 sotebant
728 2349 881 2406 adaram.

357 2457 419 2522 430.
430 2445 615 2508 Erechthidis.
628 2443 842 2500 Atheniensibus
853 2443 891 2498 ab
904 2443 1063 2498 Erectttheo
1075 2455 1158 2518 reges
1173 2439 1235 2496 aitte
1245 2439 1265 2494 l.
1276 2444 1303 2494 6.
1314 2459 1338 2496 v.
1349 2443 1417 2512 677.

356 2543 420 2612 433.
431 2539 482 2606 Te,
514 2535 634 2594 maxime
654 2532 775 2590 Theseu.
787 2536 922 2588 Carmina
946 2532 1051 2606 refert,
1065 2553 1140 2606 qttne
1154 2534 1182 2585 in
1198 2530 1298 2586 Thesei
1310 2530 1428 2588 laudern
1451 2551 1539 2589 catte-

304 2631 419 2687 hnntur.
435 2631 557 2685 Theseus
571 2630 644 2685 eninr
668 2627 843 2702 AEgeifltius
863 2645 900 2682 er
918 2626 1020 2682 AEthra
1041 2623 1147 2680 Pitthei
1160 2623 1232 2698 fitia
1246 2632 1289 2678 tot
1301 2625 1458 2697 praeclara
1471 2645 1538 2700 ges·

303 2723 362 2789 sit,
385 2729 415 2775 ut
443 2721 517 2774 inter
540 2719 676 2774 Hercules
699 2735 770 2772 unus
784 2719 1042 2774 nurneretur.Nam
1063 2725 1090 2770 et
1112 2725 1226 2770 taurum
1247 2717 1284 2767 atr
1307 2715 1472 2790 Eurystheo
1486 2719 1539 2772 im·

302 2815 442 2879 missum,
460 2815 586 2869 Atticam
609 2821 698 2868 totam
720 2821 903 2875 vastantem,
924 2813 954 2864 iu
974 2807 1151 2866 Marathone
1177 2803 1342 2877 interfecit:
1375 2819 1405 2864 et
1437 2812 1540 2867 varias

305 2905 444 2958 Graeciae
462 2903 590 2956 latrones
600 2903 730 2962 sustulit.
1287 2889 1288 2893 Ἰ

360 2991 591 3062 t3t.ttterathon.
603 2997 676 3068 Opp.
685 2997 726 3046 ad
741 3009 782 3046 ιο.
793 2991 883 3046 mittin
903 2991 940 3044 ab
959 2987 1102 3056 Athenis,
1122 2987 1205 3062 citius
1224 2985 1334 3044 incolas
1353 2997 1381 3043 et
1401 3001 1542 3046 armenta

303 3085 452 3158 inJestavit
475 3095 577 3140 taurus
601 3084 742 3160 efferatus
764 3084 801 3138 ab
830 3083 951 3139 Hercule
977 3102 1015 3138 ex
1040 3087 1126 3138 Creta
1152 3080 1194 3138 ad
1223 3081 1390 3156 Eurysthea
1423 3083 1542 3139 eluctus.

307 3176 466 3230 Cretensis:
489 3179 634 3229 excreta
653 3177 727 3230 enim
751 3174 788 3228 ah
813 3175 935 3228 Hercute
959 3173 1000 3228 ad
1023 3175 1216 3248 Eurystheum
1247 3171 1351 3229 ductus
1381 3185 1435 3230 est.
1459 3175 1541 3232 Nam

284 3267 405 3320 'Minos
426 3269 438 3335 t
452 3274 482 3319 ut
493 3262 620 3338 fertur)
638 3263 772 3338 Neptuno
795 3263 1036 3338 sacrificaturus,
1066 3266 1207 3322 victimam
1237 3268 1349 3338 optavit
1378 3265 1544 3340 majestate

309 3352 388 3408 itlius
406 3352 545 3428 dignam,
564 3355 611 3407 cui
629 3353 780 3427 Neptunus
799 3363 914 3408 taurum
934 3353 1036 3408 obtulit
1060 3355 1291 3426 pulcherrimum.
1302 3359 1379 3410 Eum
1401 3372 1467 3410 cum
1480 3373 1546 3411 ser·

305 3462 374 3502 aare
392 3443 476 3499 vellet
495 3445 602 3509 Minos,
620 3445 714 3498 iratus
731 3441 881 3516 Neptunus
900 3451 986 3497 taetro
996 3443 1135 3515 sururens
1147 3448 1277 3512 inimisit,
1297 3467 1315 3499 a
1330 3463 1385 3520 quo
1399 3443 1546 3519 totasere

306 3537 401 3595 insula
415 3534 478 3608 suit
498 3535 662 3590 devastata.
673 3535 720 3592 Act
739 3555 802 3590 eum
821 3534 996 3590 domandum
1017 3539 1119 3593 missus
1138 3548 1179 3594 est
1201 3539 1359 3603 Hercules,
1378 3552 1463 3612 quem
1484 3543 1546 3595 viu-

310 3633 386 3683 cturn
405 3625 447 3681 nd
465 3625 657 3700 Eurystheum
677 3626 772 3682 duait.
784 3626 828 3681 Ab
847 3643 958 3681 ecreto
977 3627 1124 3696 dimissus,
1144 3647 1206 3686 aum
1220 3632 1346 3686 Atticam
1359 3627 1546 3700 devastaret,

309 3736 329 3773 a
351 3719 378 3772 T
377 3718 460 3772 heseo
470 3714 535 3790 suit
557 3716 735 3795 interfectus.

365 3809 430 3877 435.
441 3807 613 3882 Cromyona.
627 3813 698 3884 Opp.
709 3811 738 3864 in
758 3827 833 3884 agro
854 3807 1060 3875 Corinthiaco,
1084 3810 1131 3865 ubi
1153 3810 1277 3865 Theseus
1301 3826 1378 3864 suem
1391 3811 1527 3883 peremit.

368 3897 541 3968 titi'l'ehus
561 3900 721 3978 Epidauria.
733 3901 901 3976 Epidaurus
924 3901 989 3956 urbs
1008 3914 1050 3959 est
1070 3905 1275 3978 Peloponnesi,
1296 3902 1457 3978 AEsculapii
1477 3909 1550 3960 tent·

204 4039 211 4052 ,
314 3989 363 4066 plo
381 3991 492 4045 nobilis.

366 4083 430 4152 437.
452 4077 633 4157 Clsvigerum.
662 4084 845 4156 Periphetans
870 4084 1034 4152 latronem,
1058 4089 1231 4163 Corynetnns
1255 4083 1363 4144 dictum
1388 4103 1410 4140 a
1430 4075 1543 4170 κορύνη

312 4169 394 4230 clava
407 4194 415 4236 ;
435 4167 485 4224 sed
509 4167 545 4224 de
567 4169 610 4224 his
634 4170 697 4226 vide
720 4173 870 4229 Plutarchi
897 4175 1029 4242 Thesea,
1053 4185 1081 4229 et
1106 4175 1268 4232 Diodorum
1291 4174 1340 4230 lih.
1353 4177 1378 4230 5.

369 4265 432 4332 438.
464 4259 617 4336 Cephisias.
639 4263 704 4336 Qua
725 4265 860 4337 Cephisus
879 4266 1060 4342 praeterfluit
1080 4267 1198 4323 Eleusin
1224 4269 1319 4324 urbem
1334 4267 1459 4323 Atticae.
1476 4265 1550 4322 Pro.

314 4365 438 4413 erusten.
459 4356 622 4422 Latronem,
642 4356 700 4430 qni,
713 4355 753 4410 cui
764 4358 865 4414 tectum
887 4357 1012 4436 hospites
1031 4379 1176 4428 emensus,
1200 4363 1342 4420 breviores
1356 4359 1547 4430 extendebat,

316 4443 455 4519 longiores
475 4444 654 4504 decurtabat.
