3232 5252
459 427 542 542 564

362 577 535 652 autequam
563 577 722 632 Dureteum
740 571 908 647 fabricatus
929 583 1028 649 postea
1049 571 1121 647 suit.
1142 570 1265 648 Hyleus.
1289 569 1389 636 illunc,
1411 565 1543 644 conpertus

360 679 473 740 quoque
492 665 646 730 adductas,
658 675 730 741 puto
752 683 825 734 esse,
850 669 899 742 qui
915 661 1107 724 Melanionem
1134 665 1293 720 Atalantae
1315 667 1463 716 amatorem
1484 659 1548 711 inne*

366 761 485 814 natione
508 757 623 824 occidit,
647 758 842 814 aemulatione
864 765 892 814 et
914 759 1019 812 invidia
1045 766 1155 820 motus,
1177 774 1211 810 eo
1241 749 1319 831 quod
1341 761 1369 808 et
1395 759 1450 824 ipse
1472 765 1547 802 amore

362 849 489 926 ejusdem
511 849 627 926 puellae
652 858 807 906 teneretur.

416 945 500 1000 Vere.
523 947 589 1012 lit.
616 939 895 1018 hnfiquistlmpclis.
913 934 1052 1016 Amyclae
1078 938 1143 996 urbs
1165 949 1209 996 est
1227 939 1433 1008 loconiacus
1453 937 1549 1018 Amycle

360 1033 586 1091 nomenante
601 1033 671 1110 filio
694 1033 865 1109 aedificata.
890 1043 977 1109 atque
1000 1034 1210 1108 cognominata.
1234 1027 1365 1088 Fuerunt
1387 1037 1464 1089 etiam
1482 1041 1546 1108 Amy·

362 1127 426 1185 olas
447 1127 476 1182 in
501 1123 590 1182 ltalia
614 1125 904 1182 Lacedaemoniorum
929 1125 1042 1202 colonie
1068 1127 1145 1181 inter
1171 1127 1297 1180 Caietam
1324 1136 1354 1183 et
1376 1121 1542 1190 Terracinam,

358 1237 434 1294 quae
460 1215 581 1274 tacendo
603 1220 759 1290 perierunt:
780 1219 856 1272 unde
883 1217 984 1290 Virgil.
1006 1235 1056 1274 eas
1083 1220 1189 1273 tacitns
1211 1212 1380 1292 appellavit.
1404 1211 1496 1274 Tacitis
1514 1233 1546 1272 rc·

360 1307 457 1388 gannit
479 1308 615 1384 Amyclis.
634 1309 712 1380 Quos
735 1309 911 1386 Hippocoon.
930 1307 1021 1364 Filios
1043 1325 1109 1364 suos
1135 1313 1246 1384 l,qoos
1269 1310 1417 1378 Alcimum,
1441 1314 1544 1366 Enaree·

358 1400 490 1473 phorum,
512 1405 664 1463 Dorceum,
677 1399 794 1454 Sebrnm
817 1401 980 1454 Pausanias
999 1401 1128 1452 nominat
1148 1401 1178 1452 in
1203 1399 1366 1456 Laconicis.

418 1496 503 1552 Vers.
530 1496 592 1564 548.
613 1493 760 1566 lecitque.
785 1493 842 1564 Qui
865 1502 962 1546 autent
993 1487 1134 1548 Achelous
1168 1487 1277 1546 Theseo
1316 1493 1458 1566 Calyrdone
1479 1489 1544 1546 Athe·

361 1600 415 1638 nas
433 1582 622 1657 proficiscenti
645 1580 759 1638 obstare
779 1583 913 1654 potuerit,
936 1583 1034 1637 haeret
1060 1583 1232 1648 Glareanus,
1257 1603 1312 1658 ego
1330 1601 1387 1638 non
1408 1579 1488 1636 video.
1506 1577 1542 1632 Fe·

358 1673 454 1750 citque
479 1691 570 1730 moras
592 1671 742 1729 helieloos.
764 1671 904 1728 Acheolos
928 1674 1035 1730 Oceani
1057 1681 1086 1729 et
1113 1673 1238 1748 Tethyos
1261 1671 1342 1746 filios
1357 1667 1490 1748 suisseah
1505 1666 1545 1724 lle·

359 1765 446 1822 siodo
468 1765 613 1822 scribitur.
634 1767 664 1818 ls
691 1781 754 1818 cum
778 1773 887 1835 peteret
905 1766 1075 1820 Deianiram
1089 1767 1178 1820 Oenei
1192 1763 1374 1840 Calydoniae
1387 1767 1455 1840 regis
1464 1761 1546 1834 sdien,

357 1858 509 1914 Herculem
533 1861 618 1910 in.se
641 1857 823 1922 connectitis
844 1875 900 1930 nuo
925 1866 1089 1930 superatus,
1115 1861 1144 1911 in
1160 1855 1257 1928 fluvio
1276 1854 1369 1930 justa
1384 1857 1542 1928 Calydonius

357 1945 470 2002 labenti
492 1964 522 2004 se
538 1945 704 2012 occultavit,
728 1965 884 2023 nomenque
896 1945 1015 2020 flumini
1037 1947 1183 2020 imposuit.
1208 1945 1285 2022 qnod
1309 1947 1449 2022 quidemd
1469 1942 1540 1998 l'indo

360 2037 531 2094 Thessaliae
555 2047 649 2092 monte
672 2041 776 2102 oritur,
790 2036 977 2113 AEtoliamque
990 2037 1027 2092 ob
1041 2039 1208 2094 Acarnania
1228 2039 1392 2116 distinguit.
1404 2033 1543 2110 Seneapud

355 2131 491 2206 antiquos
510 2150 606 2204 aquae
627 2129 803 2204 generaliter
830 2129 971 2186 Acheloos
987 2130 1146 2186 dicebatur.

419 2221 503 2280 Vens.
528 2227 595 2292 Gal.
620 2221 713 2280 Haut.
739 2223 893 2278 Poetarum
909 2219 1036 2294 sabulos
1059 2221 1076 2275 d
1098 2224 1197 2277 Sacris
1204 2221 1340 2294 sontibus
1351 2223 1485 2278 derivatas
1494 2239 1543 2296 pro

359 2315 457 2372 batum
480 2316 615 2386 itJLaur.
641 2314 769 2370 ltnmirea
784 2331 808 2368 c.
833 2316 869 2368 ³6
904 2314 1145 2380 Pentecontarchi,
1170 2333 1207 2368 et
1222 2312 1293 2388 sab.
1324 2315 1492 2379 Promethei,
1511 2311 1546 2366 lli·

361 2405 443 2471 luoii,
467 2403 663 2470 Phaethontis,
687 2423 727 2458 ec.
753 2403 811 2458 Sed
835 2411 932 2458 actum
966 2407 1043 2474 agit.
1083 2405 1144 2458 Hoc
1168 2405 1234 2460 olim
1261 2407 1367 2462 Patres
1389 2423 1490 2470 omnes,
1511 2401 1545 2474 qd

359 2491 496 2552 aduersos
522 2497 626 2550 Gentes
652 2496 832 2568 scripserunt.
859 2491 961 2548 Euseb.
977 2493 1026 2548 lib.
1048 2514 1079 2548 ιο
1104 2513 1203 2568 praep.
1227 2499 1343 2572 Evang.
1364 2514 1401 2550 es
1421 2494 1544 2550 Clemente,

360 2585 498 2661 losepho,
522 2585 693 2660 Porphyrio,
714 2583 848 2650 Diodoro,
874 2585 950 2651 aliis,
975 2585 1100 2640 ostendit
1125 2587 1244 2641 eximias
1270 2581 1548 2664 quecquedisciplinns

356 2675 396 2730 ab
419 2677 562 2750 AEprptirs
582 2685 610 2730 et
637 2675 774 2732 Hebraeis
801 2673 843 2730 ad
865 2675 990 2732 Graecos
1001 2675 1136 2752 fluxisse.
1165 2679 1242 2748 Quin
1265 2688 1293 2732 et
1321 2677 1548 2738 clemenstia:

359 2771 499 2822 Stromat.
525 2770 649 2822 Graecos
663 2765 746 2844 furti
769 2770 877 2842 arguit,
892 2777 924 2821 ut
949 2771 997 2843 qui
1029 2769 1067 2824 ab
1103 2767 1239 2825 Hebraeis
1276 2769 1468 2844 philosophiae
1491 2767 1545 2822 scits

362 2877 417 2916 sua
439 2857 596 2914 liauserint.
617 2860 687 2914 Diri
710 2855 752 2912 ad
776 2875 800 2912 u.
815 2877 880 2914 atr.
907 2856 954 2914 lib.
983 2881 992 2912 ι
1023 2861 1223 2915 adumbratum
1245 2861 1399 2916 esseiilnrn
1412 2859 1545 2915 descensm
1584 2835 1585 2913 l

359 2948 440 3005 louis
462 2948 514 3002 sub
538 2948 654 3002 mortali
677 2949 770 3020 specie
794 2949 822 3000 in
848 2947 1004 3003 Arcadiam
1027 2966 1066 3004 ex
1089 2945 1208 3004 bistonio
1233 2969 1307 3026 quae
1329 2951 1446 3007 hahetur
1471 2950 1545 3003 Genet
1582 2975 1584 3008 t

363 3055 427 3110 cop.
443 3043 482 3092 ιδ.
506 3037 591 3112 Quod
613 3037 643 3091 id
666 3035 774 3092 clarius
796 3037 894 3110 liquet,
916 3037 964 3092 ubi
984 3035 1036 3093 sub
1060 3043 1189 3112 personis
1211 3039 1291 3096 lovis
1308 3049 1338 3096 et
1366 3039 1489 3095 Mercurii
1507 3033 1541 3090 ho

360 3129 447 3201 spitio
470 3139 654 3204 exceptorum
679 3131 698 3182 h
724 3125 890 3186 Philemone
924 3137 952 3184 et
977 3129 1120 3198 Baucide,
1144 3149 1214 3208 quos
1248 3131 1292 3188 illi
1330 3133 1496 3188 deducerunt
1522 3127 1542 3178 t'tt

361 3231 482 3278 montem
502 3232 653 3298 postquam
679 3220 732 3276 niti
747 3219 878 3296 juissent
902 3223 1021 3276 viciniae
1046 3219 1264 3297 improbitatem,
1293 3223 1403 3281 urbeet
1420 3223 1541 3298 regimen

366 3313 462 3370 lacum
488 3333 581 3379 uersa,
594 3323 807 3386 representatur
828 3313 947 3369 bistonio
971 3315 1055 3370 Lothi
1076 3333 1131 3388 cap
1158 3337 1199 3388 ις.
1221 3317 1320 3372 Gener.

422 3405 480 3460 Lib.
506 3405 639 3460 txmen.
665 3409 710 3464 88.
733 3405 874 3480 niveaque
898 3423 961 3461 rnna
985 3403 1059 3462 bone
1079 3401 1158 3483 copis
1177 3427 1274 3464 cornu.
1299 3407 1416 3464 Acheloi
1437 3423 1510 3463 totns
1532 3403 1545 3450 h

363 3493 525 3552 Naiodibus
547 3495 683 3570 repletum
709 3497 797 3550 uariis
807 3493 966 3570 fiuctibus,
988 3499 1096 3570 Copiae
1097 3495 1268 3572 Jertilitatis
1282 3501 1363 3552 Deae
1372 3495 1542 3568 suitdicntutt·

364 3589 450 3660 Quod
474 3587 581 3642 idcirco
607 3587 731 3662 fingitur,
757 3587 836 3662 quod
860 3587 996 3644 Hercules
1020 3591 1049 3643 in
1076 3585 1300 3662 Calydoniorure
1322 3584 1544 3664 greitandein·

361 3677 517 3734 Acheloum
541 3679 568 3731 in
592 3676 679 3731 altum
704 3694 818 3732 cursum
841 3675 989 3744 divertens,
1013 3676 1151 3751 plurimos
1175 3696 1263 3754 agros
1285 3697 1323 3733 ec
1345 3695 1439 3754 aquae
1469 3673 1545 3744 irrigo

361 3773 439 3828 tione
448 3769 567 3842 fertiles
588 3771 741 3844 praestitit:
754 3769 855 3826 AEtolr's
866 3781 967 3826 autem
989 3769 1066 3826 dono
1088 3769 1201 3826 dedisse
1222 3763 1544 3846 dommartinum

364 3879 452 3918 cornu
477 3869 586 3926 uocant,
600 3857 736 3933 ⁸tingitur.
749 3857 901 3930 flnctuum
927 3861 1048 3916 oninium
1073 3863 1156 3936 copia
1179 3859 1330 3934 repletum.

418 3953 501 4008 Vens.
525 3949 848 4021 690.llubnstis.lliana
874 3953 1018 4028 Egyptiis
1041 3953 1197 4028 praecipue
1222 3952 1303 4008 culta
1328 3953 1356 4007 in
1372 3943 1543 4006 armentari

361 4039 469 4096 timot.
493 4043 626 4112 Euterpe.
649 4039 768 4120 Gg’reld.
789 4043 871 4114 Synt.
901 4062 943 4097 sa.
954 4041 1110 4118 variisque.
1122 4045 1179 4097 Ros
1208 4043 1246 4098 ab
1270 4045 1410 4118 AEgrpdis
1440 4043 1489 4094 eice
1508 4051 1545 4084 Μ·

366 4131 447 4186 minis
470 4130 573 4186 cultus:
598 4132 710 4206 insigne
732 4133 758 4186 ei
781 4133 809 4184 in
835 4129 940 4186 dextro
957 4131 1049 4188 latere
1071 4131 1227 4188 candicans
1252 4133 1376 4188 macula:
1388 4149 1440 4186 non
1453 4135 1491 4183 est
1498 4119 1543 4198 [ΙΙ
1580 4121 1581 4189 l

365 4239 429 4276 eum
451 4223 509 4273 vita
533 4222 678 4276 escederer
705 4239 824 4277 mersum
847 4223 945 4298 itaque
966 4225 994 4276 in
1012 4221 1114 4296 sontes
1136 4221 1304 4278 sacerdotes
1326 4229 1453 4284 enecant,
1478 4227 1546 4286 ψ’·

359 4311 446 4367 siluri
464 4309 551 4364 alitem
580 4329 661 4386 qoem
684 4311 868 4376 substituant,
885 4331 925 4368 ec.
939 4313 1011 4368 Ptin.
1035 4311 1081 4368 lib.
1108 4317 1124 4368 8
1149 4331 1214 4388 cap.
1241 4315 1285 4382 46.
1311 4311 1393 4366 Hunc
1415 4301 1539 4382 'paphum

365 4397 451 4456 Isidis
461 4399 560 4474 filiunt
581 4400 675 4472 juisse
700 4401 794 4456 scribit
818 4400 981 4458 Herodotus
1004 4403 1034 4459 in
1059 4399 1175 4471 Thalia,
1198 4409 1226 4458 et
1251 4397 1323 4457 haee
1345 4399 1454 4455 illiessc
1468 4394 1544 4466 signs
1579 4449 1580 4468 ,

364 4496 396 4548 in
409 4489 518 4564 sronte
539 4493 681 4548 maculent
695 4494 792 4551 albam
800 4495 924 4572 formae
953 4493 1133 4574 quadratae,
1156 4496 1186 4550 in
1209 4501 1292 4570 tergo
1306 4491 1427 4569 effigiem
1444 4482 1542 4564 oqtiltt»
1579 4489 1580 4509 ¹

368 4591 486 4642 casura
509 4588 634 4662 nigrum,
652 4584 822 4642 cantharum
843 4589 872 4644 in
890 4583 1005 4663 palato,
1018 4583 1145 4664 duplices
1162 4585 1192 4644 in
1207 4586 1304 4643 cau&
1322 4587 1402 4660 pilos.

1266 4811 1308 4910 a)

1268 5017 1315 5072 ttn
