3186 5268
391 301 442 415 76
724 323 759 382 s.
779 319 906 380 ovum
924 317 1090 382 tttsosts

299 446 481 558 Respicit
501 445 547 526 in
566 439 769 526 tumidum
788 441 959 524 Plrocen
978 441 1032 522 ab
1053 438 1254 549 Apolline
1271 439 1380 523 versi
1394 464 1404 510 t

300 558 473 642 Eumeli
499 588 549 638 ue
567 554 733 639 domum
754 555 937 661 lugentis
955 555 1001 635 in
1019 565 1115 635 aere
1134 567 1289 633 natum.
1431 547 1508 664 390

360 673 405 755 Τ
397 589 550 753 cariem
568 670 748 779 vipereis
769 666 970 777 Ephyren
991 662 1195 746 Pirenida
1209 667 1362 772 pennis

306 783 516 897 Contigit:
538 784 608 864 htc
627 810 727 864 aeuo
746 796 896 864 ueteres
915 777 1109 861 mortalia
1123 779 1260 884 primo

305 897 488 1006 Corpora
506 895 738 1008 vulgarunt
752 892 1006 1001 pluvialibus
1024 889 1137 970 edita
1147 890 1315 999 fisngts.

359 1007 447 1092 Sed
456 1025 677 1118 postquam
701 1005 868 1090 Colchis
887 1005 991 1085 arsit
1010 1032 1115 1084 nora
1135 1019 1265 1109 nupta
1284 1002 1464 1094 uenenis,

303 1123 349 1206 F
343 1124 653 1234 lngrantemque
661 1117 827 1200 domum
835 1117 946 1228 regis
956 1147 1065 1197 mare
1079 1114 1182 1196 uidit
1190 1129 1404 1224 utrumque
1410 1153 1424 1214 ;
1437 1107 1513 1226 395

303 1237 518 1347 Sanguine
534 1249 725 1313 natorum
740 1228 1009 1340 perfunditur
1025 1229 1175 1335 impius
1193 1227 1326 1311 ensis:

309 1347 491 1458 Ultaque
509 1373 552 1427 se
571 1344 678 1425 male
697 1360 843 1438 mater,
865 1343 1032 1425 Iasonis
1051 1337 1202 1454 effugit
1215 1366 1344 1424 arma.

304 1461 418 1542 Hinc
438 1459 676 1542 Titaniacis
694 1458 837 1540 ablata
859 1453 1127 1550 draconibus,
1149 1452 1278 1531 intrat

363 2486 426 2554 389.
446 2481 579 2559 Respicit.
605 2483 680 2538 Puto
700 2480 844 2559 Despicit:
865 2501 919 2558 pra
940 2479 1074 2538 tumidam
1097 2480 1211 2538 Phoceu
1230 2497 1343 2558 piraque
1361 2499 1415 2536 sex
1435 2479 1527 2554 scripti

312 2573 461 2643 timidam,
479 2592 653 2651 quamquam
672 2593 724 2630 nec
742 2575 818 2630 male
837 2574 961 2631 tumidae
981 2573 1117 2630 dicantur
1136 2574 1272 2640 Phocae,
1291 2593 1355 2630 cum
1376 2573 1488 2632 tunsirlo
1505 2581 1530 2628 et

313 2667 417 2738 instato
436 2668 492 2719 sint
512 2683 640 2740 corpore.
660 2669 696 2720 ln
715 2664 827 2723 duobus
846 2664 973 2722 nitidem.

369 2756 620 2834 390.Eumeiique.
644 2759 770 2826 Patras,
791 2760 821 2812 in
844 2777 903 2834 qua
923 2760 1056 2833 regnavit
1077 2757 1236 2822 Eumelus,
1257 2758 1306 2834 qni
1336 2757 1463 2832 hospitio
1490 2772 1535 2809 ac·

313 2859 428 2922 ceperat
455 2851 684 2924 Triptolemum,
703 2853 788 2923 cujus
806 2867 942 2918 currum,
963 2849 1122 2904 dormiente
1142 2849 1211 2915 iilo,
1232 2849 1396 2905 conscendit
1416 2848 1534 2904 Anthens

311 2941 519 3014 Eumelifilius
530 2983 539 3008 ‚
559 2940 634 2997 unde
653 2939 782 3015 dejectus
802 2943 925 3010 interiit3
946 2951 1044 2996 natum
1065 2943 1165 3016 itaque
1184 2941 1335 3017 legendum
1355 2941 1473 3006 volunt,
1491 2935 1535 2994 sel

313 3052 405 3109 neque
423 3034 464 3088 sic
483 3031 620 3106 expedita
638 3041 682 3087 est
694 3029 815 3106 fabula.

376 3129 440 3197 ³9¹·
452 3121 596 3201 Ephyren.
618 3125 808 3191 Corinthum,
827 3125 865 3180 ab
885 3123 1003 3201 Ephyre
1023 3126 1130 3180 Oceani
1145 3124 1213 3197 filia
1223 3165 1231 3188 ,
1252 3142 1328 3200 quae
1347 3123 1386 3180 ibi
1406 3121 1537 3181 habitarit

314 3222 419 3294 prima.
438 3214 578 3273 Pirenida.
590 3219 617 3272 A
637 3217 739 3274 Pirene
748 3215 840 3292 sante
858 3216 901 3274 ad
919 3217 1034 3274 radices
1052 3217 1275 3287 Acrocorinthi,
1295 3219 1426 3273 Pausan.
1436 3219 1466 3272 in
1486 3219 1531 3269 Ca·

314 3311 473 3367 rinthiacir.

373 3405 437 3474 394.
449 3401 547 3458 Nuova
568 3412 665 3478 nupta.
677 3404 787 3458 Creusa
810 3406 936 3458 Creontis
957 3403 1172 3458 Corinthiorum
1192 3404 1269 3478 regis
1278 3401 1359 3478 filia.

371 3497 434 3566 395.
446 3496 522 3550 Mare
544 3493 614 3552 uidit
634 3499 850 3568 utrumqueDe
869 3495 977 3551 Isthmo
999 3496 1182 3552 Corinthiaco
1201 3497 1287 3573 agit,
1306 3494 1344 3549 de
1364 3515 1422 3572 qua
1447 3500 1538 3550 noster

318 3589 411 3662 Epist.
424 3586 590 3648 Phaedrae.

391 3680 426 3735 Et
452 3678 545 3734 tenuis
566 3676 739 3736 telluseudit
752 3689 903 3754 utrumque
924 3697 1009 3736 mare.
1031 3681 1199 3757 Propertius
1216 3682 1289 3740 libra
1313 3699 1373 3735 ιιι.
1388 3683 1474 3758 Eleg.
1501 3699 1540 3734 11.

390 3767 513 3825 Isthmos
533 3789 588 3844 que
609 3769 692 3825 terris
712 3780 789 3825 ercet
809 3781 964 3844 utrumque
985 3789 1072 3824 mare.

373 3861 573 3936 397.Uitsque
587 3881 617 3917 se
631 3859 703 3917 rnale
724 3873 822 3917 meter.
844 3864 898 3917 Hic
917 3864 1006 3917 etiam
1025 3879 1123 3917 versus
1141 3881 1195 3936 pro
1213 3865 1337 3938 genuina
1359 3865 1408 3917 cin
1437 3879 1541 3918 censen·

206 3943 210 3952 ’
316 3949 379 4005 dus.
399 3949 625 4026 utriquesttus
644 3953 664 4004 ὰ
684 3970 715 4006 se
733 3953 836 4009 eaesis.
855 3955 936 4026 Quos
955 3967 1050 4008 tamen
1071 3953 1237 4008 Pausanias
1257 3955 1277 4006 ὰ
1300 3953 1456 4009 Corinthiis
1476 3951 1540 4024 lapi·

317 4042 401 4099 dibus
420 4044 536 4099 obrutos
555 4044 654 4101 scribit
674 4044 722 4100 lib.
744 4063 769 4100 s.
790 4043 960 4120 Euripidem
980 4065 1046 4100 vero
1066 4047 1212 4120 accepisse
1239 4049 1391 4122 pecuniam
1412 4047 1432 4100 ὰ
1454 4045 1543 4100 Corin·

319 4133 385 4189 thiis
416 4143 448 4188 ut
481 4137 600 4192 caedem
629 4135 711 4190 iliam
742 4139 771 4192 in
809 4136 944 4194 Medeam
987 4136 1182 4210 transferret,
1213 4139 1311 4194 scribit
1348 4140 1439 4213 ipsius
1477 4152 1541 4190 con·

320 4235 473 4282 mentator.

377 4323 442 4391 398.
461 4317 623 4376 Titaniacis.
645 4325 693 4376 Er
715 4320 851 4376 Titanum
871 4325 1011 4398 sangnine
1023 4323 1108 4374 natis.
1123 4317 1269 4376 Pindarus
1283 4323 1311 4376 in
1330 4320 1479 4378 Theriacis
1494 4325 1541 4373 aut

317 4413 406 4469 etiam
426 4430 496 4488 quas
516 4415 537 4468 ὰ
560 4415 685 4481 Titane,
706 4413 737 4471 it
757 4423 818 4483 est,
841 4414 901 4468 sole
922 4417 1111 4488 susceperat:
1133 4422 1164 4468 nt
1184 4414 1246 4472 alii.
