3258 5258
413 325 489 414 128
747 347 783 405 r.
802 343 931 406 onon
949 339 1115 402 ntsoms

319 469 556 586 Egredere:
574 464 783 582 egredior;
797 459 1020 574 qualesque
1037 457 1084 538 in
1102 453 1286 566 imagine
1306 451 1443 536 somni

326 588 456 678 Visus
473 609 586 666 eram
603 577 766 664 vidisse
782 576 925 666 viros,
944 599 1002 653 ex
1020 567 1168 652 oniine
1186 565 1292 649 tales
1463 552 1548 642 650

322 695 546 808 Adspicio,
567 719 854 808 agnoscoque;
872 685 1053 782 adeunt,
1072 707 1287 793 regemque
1306 676 1508 760 salestam.

328 809 439 904 Vota
456 809 554 896 Joui
568 808 695 900 solvo,
708 803 956 916 populisque
974 795 1205 880 recentibus
1224 793 1362 874 urbem

325 927 517 1035 Fortior,
532 941 572 1007 et
589 947 752 1004 vacuos
760 917 917 1026 priscis
935 911 1162 996 cultoribus
1182 933 1336 1017 agros,·

326 1038 708 1151 Myrmidonasque
726 1057 846 1117 uoco:
866 1059 944 1112 neo
963 1024 1126 1138 origine
1145 1011 1501 1126 nominofmudo.

331 1153 515 1262 Corpora
534 1146 702 1234 vidisti:
725 1172 877 1244 mores,
898 1167 1001 1254 quos
1019 1152 1116 1219 onte
1131 1135 1353 1250 gerebant,
1463 1120 1549 1212 655

329 1267 459 1354 Nunc
477 1291 640 1378 quoque
657 1261 829 1366 hobent3
842 1281 1097 1369 parcumque
1114 1275 1269 1364 gersus,
1283 1242 1534 1359 patiensque

418 1379 623 1470 laborum,

337 1491 607 1606 Quaesitique
621 1506 773 1585 tenax,
791 1499 831 1565 et
851 1482 927 1596 qui
943 1477 1134 1594 quaesita
1153 1487 1370 1558 reservent.

335 1605 399 1693 Hi
414 1621 453 1690 tc
470 1605 531 1691 od
541 1605 650 1691 bella
664 1626 789 1714 pares
807 1596 931 1682 annis
950 1589 1182 1701 animisque
1200 1599 1447 1701 sequentur,-

394 3774 462 3850 654.
480 3773 738 3858 Myrmidonasque.
750 3765 954 3868 Μυρμιδὸνας
973 3765 1008 3838 δέ
1031 3763 1176 3842 altilium
1193 3794 1305 3865 quom,
1322 3769 1365 3857 ῦχ
1383 3767 1450 3847 ώςὸ
1466 3771 1552 3860 μῦθος

339 3887 393 3940 cic.
412 3883 565 3958 AEginetae
583 3901 648 3954 non,
669 3894 702 3942 ut
720 3893 764 3942 est
782 3887 812 3940 in
822 3881 949 3958 sabulis,
969 3891 1109 3938 emantur
1126 3881 1435 3959 Myrmidones,⁴quod
1450 3879 1551 3957 populo

336 3982 417 4049 peste
435 3975 596 4052 absumpto,
613 3998 653 4035 ex
672 3988 738 4036 uoto
757 3979 848 4044 Aiaci,
867 3977 1002 4051 luppiter
1011 3974 1159 4051 formicas
1178 3978 1207 4032 in
1226 3970 1551 4032 morinummontem

338 4061 416 4139 quod
425 4061 624 4136 formicarum
643 4071 672 4124 in
692 4088 798 4126 morem
817 4079 926 4125 terram
936 4065 1072 4142 saliant,
1085 4083 1149 4120 cum
1162 4068 1373 4140 agriculturam
1387 4071 1552 4124 exercentes,

339 4165 399 4214 tum
418 4157 555 4216 lateribus
574 4163 662 4217 coctis
680 4161 812 4218 destituti
830 4163 860 4215 in
880 4163 974 4216 antris
993 4157 1188 4216 subterraneis
1207 4157 1382 4216 habitantes.
1394 4157 1496 4216 Strabo
1507 4155 1550 4209 lii.

340 4254 366 4306 8.
388 4249 516 4327 Origine.
539 4257 655 4310 Gentem
675 4254 711 4309 de
720 4255 857 4329 formicis
876 4264 976 4313 natam
996 4271 1053 4312 non
1064 4251 1184 4329 fraudo
1202 4255 1301 4314 nativo
1320 4255 1454 4320 staminei
1478 4251 1552 4332 Mis·

340 4357 474 4418 mitanas
494 4350 523 4416 ἱκ
541 4348 705 4446 μυρμήκων
725 4377 804 4419 uoco.
