3290 5260
419 318 504 404 236
753 337 788 396 r.
810 334 937 393 ovum
963 327 1133 390 ursonis

333 454 586 574 Diffugiunt
599 455 759 568 populi.-
777 481 855 534 nec
872 479 943 542 se,
961 447 1049 529 nisi
1064 445 1275 528 moenibus
1293 442 1423 542 urhis,

333 555 445 656 Esse
459 589 612 682 putent
632 585 767 664 tutos;
787 563 922 646 donec
940 560 1184 673 Meleagros
1199 539 1268 658 ,set
1287 563 1374 638 unh

331 685 465 768 Lecta
483 713 631 768 munus
639 683 845 796 juvenum
865 689 999 760 coiere
1017 671 1215 785 crepidine
1233 667 1389 751 laudis.
1458 665 1544 752 300

333 797 610 905 Tyndaridae
626 793 810 908 gemini,
829 804 1039 897 spectatus
1058 785 1264 870 caestibus
1282 783 1414 873 ulter,

333 912 460 994 Alter
474 941 604 1020 equo,
618 911 857 1018 primaeque
876 903 979 984 rutis
998 901 1165 984 molitor
1181 899 1334 989 Iuson,

334 1022 508 1108 Etcum
534 1024 718 1106 Pirithoo
729 1018 846 1128 felis
865 1011 1092 1098 concordia
1117 1013 1328 1102 Theseus,

332 1135 395 1219 Et
413 1139 498 1221 dno
520 1132 792 1224 Thestiadae,
806 1130 1024 1239 prolesque
1043 1127 1258 1236 Aphareia
1277 1123 1492 1232 Lynceus,

334 1248 397 1332 Et
415 1253 547 1332 uelox
566 1247 694 1344 Idus;
713 1246 856 1360 etjam
875 1269 958 1323 non
967 1241 1160 1348 foemina
1183 1235 1395 1326 Caeneus,
1462 1225 1544 1316 505

333 1361 648 1475 Leucippusque
655 1363 824 1472 ferou*‚
833 1354 1063 1468 jaculoque
1081 1352 1262 1464 insignis
1281 1348 1500 1443 Acastus,

392 2785 560 2839 soo.1.een
582 2803 689 2841 menos.
719 2781 822 2842 Electa
836 2783 972 2860 juvenum
993 2784 1157 2854 multitudo,
1176 2785 1239 2842 uide
1260 2788 1366 2860 Hygia.
1389 2787 1464 2842 Feb.
1500 2791 1559 2862 ¹7³·

387 2879 450 2930 301.
480 2871 659 2948 Tyndaridae
692 2878 806 2952 gemini.
837 2879 942 2932 Castor
961 2887 988 2932 et
1017 2873 1124 2930 Pollux
1145 2877 1259 2950 gemelli
1281 2874 1500 2953 Tjrndurifilii,
1521 2893 1555 2930 ac

328 2968 426 3024 Ledae
449 2973 560 3043 putati,
581 2989 643 3024 curn
663 2979 755 3024 essent
774 2971 872 3036 louis,
893 2987 1011 3044 quorum
1027 2971 1102 3023 alter
1111 2973 1194 3043 pugil
1203 2967 1270 3040 finit
1290 2969 1483 3042 praeclarus,
1506 2977 1558 3028 Cu·

329 3069 503 3114 stertentem
523 3059 647 3115 domitor
665 3079 810 3136 equorum.
850 3061 1005 3118 Cseetibus.
1029 3063 1124 3116 Armis
1150 3063 1251 3136 quihus
1277 3063 1393 3134 pugiles
1418 3071 1550 3120 utuntur.

328 3155 458 3206 Fuerunt
478 3162 574 3208 auteur
595 3157 736 3220 Caenus,
756 3154 819 3210 loru
834 3155 977 3232 quaedam
1004 3154 1095 3210 cruda
1116 3155 1220 3210 insistis
1238 3153 1375 3226 plumbeis
1400 3155 1560 3230 glandibus

328 3247 468 3318 rigentia,
481 3265 555 3316 quae
574 3246 703 3300 munihus
722 3245 887 3302 inducentes
904 3249 971 3322 pirgi
979 3247 1021 3302 les
1033 3288 1040 3312 ,
1052 3249 1127 3300 inter
1138 3263 1169 3300 se
1188 3245 1375 3302 dimicabant.

364 3339 451 3405 ¹302.
473 3335 639 3410 Prieneeque
660 3335 726 3391 retis
746 3337 859 3392 molitor
877 3338 974 3394 Jason.
1007 3341 1087 3410 Argo
1112 3355 1241 3398 navem,
1271 3335 1353 3410 cujus
1374 3337 1558 3394 extruendae

330 3435 433 3480 auctor
442 3427 620 3500 suitinson.
641 3425 763 3484 Molitor.
784 3429 968 3482 Fabricntor.
997 3427 1175 3501 l'rimaeque.
1197 3427 1258 3482 Lib.
1270 3431 1297 3481 6.
1322 3425 1452 3483 multitu.

389 3520 453 3570 303.
473 3518 544 3572 Cum
564 3515 699 3572 Pirithoo.
723 3518 858 3572 Feliciter
876 3519 1036 3574 concordes
1057 3517 1183 3571 Theseus
1202 3525 1230 3571 et
1246 3513 1402 3571 Pirithous.

387 3610 449 3680 tot.
460 3611 494 3665 Et
507 3606 598 3686 proles
617 3607 757 3686 Ephyreis
778 3612 919 3686 Lynceus.
932 3611 1068 3684 Epiqree
1081 3609 1194 3687 quiden
1206 3607 1324 3684 iegitur,
1338 3617 1370 3666 ut
1383 3605 1420 3664 ui
1441 3607 1561 3684 Ephyre

330 3700 407 3767 urhe,
427 3720 501 3776 quae
521 3721 595 3758 nnnc
616 3703 768 3760 Corinthus
786 3703 908 3770 dicitur,
928 3703 1103 3768 declinetur,
1121 3701 1173 3758 sed
1198 3701 1267 3756 mihi
1297 3709 1373 3758 recte
1392 3699 1561 3776 Aphareia,

328 3795 366 3850 nh
380 3812 429 3858 eo,
449 3795 497 3867 qui
517 3792 568 3848 hoc
589 3795 688 3868 upusi
702 3797 804 3850 Latina
828 3798 855 3849 in
879 3799 1021 3850 Graecam
1040 3795 1170 3870 linguam
1185 3795 1283 3862 vertit,
1304 3792 1362 3870 legi
1383 3789 1515 3864 videtur,
1529 3803 1560 3848 ut

334 3885 528 3959 intelligamus
541 3887 683 3957 Lynceum
716 3890 874 3943 acutissimi
894 3889 968 3942 visus
994 3885 1154 3952 hominem,
1185 3883 1315 3958 Apharei
1324 3884 1424 3956 filium
1447 3883 1561 3966 juisse..

333 3975 511 4035 Thestiadae.
543 3980 659 4036 Tereus
678 3989 706 4034 et
727 3979 885 4054 Plexippns
907 3977 1015 4034 Thestii
1024 3979 1082 4054 pto·
1093 4020 1102 4046 ,
1112 3977 1248 4034 eeunwli
1260 3979 1418 4053 Meleagri.

393 4073 455 4125 305.
488 4071 523 4126 Et
544 4068 627 4127 velox
652 4070 724 4126 Ides.
754 4073 863 4128 Frater
881 4073 989 4146 Lyncei
996 4081 1052 4138 ,ut
1083 4087 1181 4144 supra.
1202 4071 1237 4126 tn
1256 4069 1315 4144 jam
1345 4085 1404 4124 nne
1434 4067 1561 4124 imina

334 4163 475 4218 Caeneus.
486 4167 540 4218 Hie
553 4163 634 4220 Elati
645 4163 744 4240 fitius,
755 4173 784 4218 et
803 4165 886 4220 initio
889 4164 1028 4239 foemina
1038 4161 1122 4240 suit.-
1144 4173 1246 4238 postea
1280 4169 1378 4217 autem
1389 4181 1409 4214 a
1423 4161 1561 4236 Neptuno

331 4256 431 4310 ohlato
444 4257 469 4308 ei
488 4257 575 4323 vitio,
594 4273 647 4328 pro
667 4255 834 4329 uirginitate
852 4255 957 4314 donum
973 4257 1026 4314 hoc
1046 4260 1170 4329 recepit,
1183 4263 1215 4311 ut
1231 4254 1248 4308 i
1252 4253 1389 4329 foemina
1403 4255 1434 4308 in
1447 4271 1560 4308 marens

331 4353 546 4401 converteretur
557 4386 566 4414 ,
586 4346 648 4402 eth
668 4345 732 4402 telis
751 4347 969 4424 vulnerihusque
990 4347 1159 4406 inviolabilis
1169 4346 1265 4420 soret.
1296 4343 1392 4416 Huius
1401 4345 1490 4422 filins
1505 4349 1555 4400 Θο-

327 4436 483 4512 ronussnit
503 4440 552 4514 qui
564 4458 625 4495 cum
648 4441 829 4514 Argonautis
840 4443 870 4497 ire
884 4440 1006 4498 colchos
1023 4439 1173 4516 profisctns
1187 4449 1239 4497 est.
