3258 5258
613 381 667 532 n
728 301 950 534 outnn
1012 281 1314 532 unsonus

488 639 1438 792 METAMORPHOSEON

657 881 866 968 LIBER
908 879 1260 972 OCTAVUS.

816 1085 1115 1160 srnorsrs.

333 1205 532 1393 Sarnus,
551 1293 695 1394 Nisus,
714 1287 877 1389 Perdix,
896 1313 935 1375 et
954 1289 1140 1400 Meleagri
1159 1321 1309 1376 sorores
1323 1293 1363 1374 in
1385 1293 1557 1378 volucres

358 1436 585 1499 mutantur.-
604 1401 799 1490 Ariadnae
818 1430 963 1486 corona
983 1404 1024 1485 in
1043 1403 1167 1493 sidus:
1187 1404 1354 1518 Najodcs
1374 1408 1415 1488 in
1436 1408 1552 1491 Echi-

357 1525 491 1610 nadas:
511 1519 647 1606 civitas
667 1519 708 1600 in
727 1523 926 1626 stagnum:
945 1543 1031 1598 casa
1051 1518 1093 1598 in
1113 1518 1331 1629 templum:
1350 1519 1554 1602 Philemon

358 1662 397 1722 et
416 1637 559 1720 Baucis
580 1635 620 1714 in
639 1630 816 1718 arbores:
836 1629 1002 1712 Proteus
1028 1653 1067 1712 et
1099 1627 1225 1711 Merra
1251 1632 1299 1736 ‚in
1325 1632 1452 1715 varias
1480 1631 1555 1715 sor-

359 1779 456 1834 mas.
479 1745 678 1832 Daedalus
697 1745 827 1829 evolat
845 1771 867 1824 e
888 1741 1133 1851 labyrintho:
1151 1739 1283 1826 learns
1304 1744 1345 1824 in
1365 1773 1472 1826 mare
1489 1743 1553 1825 de·

358 1862 466 1946 cidit.
486 1864 592 1972 Aper
612 1857 874 1970 Calydonius:
899 1854 1095 1938 Atalanta:
1129 1855 1317 1938 Althoea:
1353 1855 1555 1968 Meleager.

355 1972 651 2058 Eresichthonis
670 1971 873 2082 impietas,
891 1991 931 2050 et
950 1996 1091 2078 poena.
1109 1967 1244 2050 Famis
1263 1966 1491 2080 descriptio.

360 2221 470 2354 snm
489 2253 667 2335 nitidum
686 2263 888 2364 retegente
906 2245 1059 2345 tit'errz*,
1078 2249 1291 2361 noctisque
1300 2251 1488 2364 fugante

361 2373 564 2478 Tempora
583 2361 778 2464 Lucifero
787 2371 821 2459 *,
840 2359 956 2444 cadit
977 2362 1120 2444 Eurus
1138 2379 1177 2441 et
1190 2359 1363 2444 lrurnida
1375 2377 1545 2477 surgunt

356 2481 536 2568 Nubila.-
554 2477 659 2560 dant
670 2475 838 2586 placidi
854 2503 1018 2556 ctunum
1037 2471 1300 2556 redeuntibus
1319 2477 1475 2560 Austri

357 2589 578 2683 AEacidis‚
601 2587 882 2699 Ceptroloque‚
901 2587 1048 2704 picibus
1057 2587 1245 2694 feliciter
1260 2589 1351 2670 acti

357 2712 473 2792 Ante
491 2715 775 2812 exspectatum
789 2717 935 2809 portus
954 2704 1116 2782 tenuere
1129 2700 1293 2809 petitos,

397 2887 460 2941 Fra.
474 2885 498 2940 l.
521 2887 586 2962 Arg.
611 2887 677 2940 Jnm
696 2879 818 2940 nitidum
842 2892 895 2938 etc.
922 2881 1012 2938 hlinos
1035 2881 1113 2938 Joais
1131 2893 1160 2938 et
1180 2884 1308 2960 Europae
1329 2882 1404 2942 illius
1423 2905 1485 2944 cum
1499 2906 1558 2964 pro¹

342 2991 405 3058 pter
431 2979 517 3032 lilium
546 2977 716 3052 Androgeon
739 2975 940 3051 interemptum
963 2973 999 3029 ab
1025 2973 1248 3030 Atheniensibus
1271 2994 1376 3052 poenas
1400 2991 1554 3056 repeteret,

347 3075 503 3148 Megaram,
524 3069 552 3123 iu
572 3089 626 3144 qua
646 3065 716 3122 orbe
736 3067 819 3122 Nisus
844 3064 979 3142 regnabat
998 3067 1132 3122 continue
1157 3085 1222 3122 cum
1247 3067 1491 3138 Atheniensibus,
1514 3067 1560 3126 ob·

347 3164 442 3220 sedit:
463 3181 518 3237 qua
541 3171 699 3236 expugnata
719 3158 812 3214 animo
833 3169 1003 3232 conceperat
1014 3199 1023 3226 ‚
1050 3153 1148 3213 occisis
1169 3159 1312 3234 praesidiis
1333 3161 1464 3230 hostium,
1482 3181 1511 3220 se
1525 3161 1559 3216 ri·

347 3256 462 3314 storiam
484 3266 712 3310 consecuturum.
732 3251 810 3306 inter
829 3269 900 3325 qnae
920 3248 1014 3324 Scylla
1033 3249 1093 3306 ltin
1112 3247 1168 3306 lilia
1188 3271 1271 3328 saepe
1286 3275 1396 3312 murum
1411 3253 1556 3314 ascendens

344 3345 504 3404 delectandi
525 3343 612 3421 gratia
632 3355 748 3421 propter
768 3341 889 3419 lapident
910 3339 1057 3408 rocaleua',
1077 3340 1126 3416 qui
1146 3341 1284 3420 Apollinis
1301 3345 1427 3406 citharae
1456 3347 1557 3426 positus

346 3456 445 3494 sonum
472 3434 636 3510 adjecerat,
657 3445 688 3489 ut
711 3431 911 3490 animadvertit
931 3431 1054 3487 Minoem
1075 3431 1245 3492 assidentem
1266 3435 1328 3492 urbi
1349 3437 1429 3494 cultu
1458 3434 1562 3512 regali,
1579 3433 1582 3446 '

346 3529 510 3604 bellicisque
532 3525 616 3584 rebus
637 3525 793 3592 interesse,
812 3521 1023 3601 pulchritudine
1038 3526 1105 3610 ⁵ejus
1137 3529 1262 3596 exarsit,
1287 3541 1316 3585 et
1340 3549 1410 3596 curu
1439 3523 1558 3608 potiendi

344 3620 451 3678 nullam
475 3619 550 3678 viam
578 3615 739 3682 inveniret,
765 3626 796 3671 nt
822 3611 959 3672 uictorem
984 3613 1095 3699 hostem
1120 3617 1223 3674 laceret
1237 3661 1247 3686 ‚
1267 3620 1374 3676 crinem
1399 3635 1563 3698 purpureum

346 3711 466 3769 abscidit
487 3711 607 3787 genitori
626 3706 797 3775 dormienti,
816 3706 947 3782 quolata
981 3707 1085 3782 patriae
1116 3711 1344 3766 continebantur.
1377 3713 1463 3784 Quem
1498 3723 1558 3765 eunt

345 3801 474 3858 reseratis
496 3801 582 3878 portis
602 3812 718 3876 accepto
738 3799 818 3854 hoste
844 3795 878 3851 ad
904 3799 1028 3852 Minoem
1041 3793 1230 3874 pertulisset,
1255 3797 1303 3856 ille
1328 3801 1443 3879 impium
1456 3797 1561 3854 sueinus

345 3890 525 3958 adversatus,
547 3892 698 3947 novissime
722 3907 783 3944 eam
809 3886 921 3964 navigio
940 3888 1067 3964 recipere
1088 3889 1202 3957 noluit,
1224 3903 1302 3967 patre
1332 3893 1391 3966 jam
1421 3892 1451 3946 in
1483 3903 1560 3944 arent

344 3982 563 4059 transfigurato,
587 4001 672 4057 quam
694 3979 794 4036 Graeci
816 3977 931 4035 Alieton
955 3977 1076 4046 dicunt.
1102 3994 1131 4038 et
1168 3997 1356 4060 persequente
1392 3981 1494 4048 filiam,
1515 3978 1560 4034 itla

345 4094 458 4151 quoque
484 4073 513 4129 in
537 4073 681 4131 uolucrem
705 4076 794 4127 Cirtm
821 4069 1016 4148 transfigurata
1043 4085 1095 4128 est.

399 4174 426 4240 4.
448 4165 739 4240 AEacidis.AEgincnsi
764 4165 850 4220 militi
869 4165 906 4219 ab
925 4147 1008 4219 iEcrri
1022 4163 1093 4238 liliis
1117 4169 1286 4242 conscripto.
1315 4167 1385 4224 Nam
1421 4161 1556 4222 Telamon

341 4255 485 4332 fraterque
511 4257 585 4314 viros
608 4256 644 4311 ad
670 4253 742 4311 heila
766 4255 901 4331 parebant
915 4291 928 4320 ,‹
946 4275 1017 4311 vers.
1037 4259 1102 4328 675.
1121 4255 1168 4312 hb.
1188 4257 1321 4332 praeced.

401 4351 425 4402 5.
448 4351 524 4404 Ante
551 4360 742 4424 expectatum.
765 4351 925 4423 Antequam
944 4357 1174 4421 expectarentur.
1200 4349 1302 4410 Portus
1333 4349 1443 4428 petitos·
1474 4343 1560 4400 Attie-

345 4443 454 4495 ttirusrs
476 4451 597 4514 portus,
619 4461 673 4513 quo
693 4444 839 4514 pervenire
859 4441 1020 4514 cupiebant.
