3274 5268
397 293 449 396 74
731 304 766 364 r.
786 303 913 364 ovum
931 301 1096 364 sescum

311 423 471 508 Factus
490 417 728 504 olorniveis
740 417 947 530 pendebat
964 420 1010 502 in
1027 432 1124 502 aete
1135 419 1298 527 pennis.

365 537 429 620 At
444 534 636 648 genitrix
654 531 815 642 Hyrie,
835 533 1002 616 seruari
1017 529 1343 646 nescia,stenclo
1438 529 1520 616 580

310 649 522 733 Delicnit:
539 663 814 758 stagnumque
833 672 909 726 suo
928 641 981 726 de
999 645 1162 726 nomine
1172 646 1294 752 fecit.

367 759 553 872 Ady'acet
573 761 638 838 his
656 757 915 842 Pleuronia
936 785 1018 866 qun
1037 753 1337 866 trepidantibus
1355 757 1441 840 ah's

312 873 511 982 Ophiusa
549 867 640 984 ugit
659 885 850 950 natorum
868 869 1045 953 uulnera
1068 867 1226 950 Combe.

365 983 471 1068 Inde
554 983 720 1066 lauriae
738 980 944 1068 Latoidos
960 979 1143 1090 adspicit
1162 1008 1282 1075 arvo,

310 1101 362 1182 In
382 1096 583 1181 volucrem
606 1095 722 1178 uersi
737 1122 829 1176 cum
850 1096 1030 1206 conjuge
1049 1093 1221 1176 conscia
1239 1095 1362 1204 regis.
1441 1091 1526 1178 385

310 1212 503 1295 Dextera
526 1207 699 1320 Cyllene
717 1221 798 1306 est,
818 1207 863 1288 in
883 1235 967 1318 qua
986 1234 1081 1288 cum
1101 1221 1229 1286 matre
1249 1205 1509 1316 Menephron

315 1323 615 1407 Concrehiturus
633 1336 745 1422 erat,
767 1347 990 1400 saevarum
1009 1345 1118 1400 more
1128 1318 1330 1424 ferarum.

372 1435 574 1544 Cephison
587 1431 740 1546 procul
754 1431 853 1514 hinc
870 1428 1088 1546 deflentem
1096 1429 1198 1538 fata
1217 1432 1377 1538 nepotis

365 1993 431 2044 3³0.
453 1985 570 2044 Flendo.
584 1981 617 2041 ln
630 1987 724 2042 lacum
737 1985 930 2063 cognominem
944 1977 1053 2050 soluta,
1066 1993 1098 2042 ut
1112 1989 1211 2062 Cyane
1221 1983 1270 2042 lib.
1286 1986 1312 2042 5.
1323 1977 1420 2056 uersi
1443 1991 1470 2056 7.

361 2080 425 2136 Fas.
437 2081 501 2135 XV.
514 2081 593 2134 XVI.
605 2079 703 2132 tht.
719 2077 835 2132 xrttt.
856 2079 938 2138 XIX.
960 2079 1051 2132 Couue
1082 2098 1111 2132 ru
1140 2097 1240 2142 Areu,
1260 2077 1481 2132 ereuerttcon
1512 2091 1541 2128 rs

309 2193 429 2318 ualli.
446 2181 583 2318 hiemen.
595 2260 720 2316 Pleuron
741 2259 866 2316 AEtoliae
885 2259 952 2317 uris
970 2279 1034 2316 cum
1059 2267 1144 2316 entra
1175 2259 1255 2318 olcas
1285 2260 1314 2318 in
1340 2261 1391 2316 hoc
1410 2257 1539 2316 Medeae

305 2355 408 2410 volatu
426 2353 513 2428 langa
532 2351 591 2420 sit,
610 2352 734 2408 Bronton
753 2351 811 2428 legi
830 2349 945 2421 salunt,
965 2355 1014 2428 qai
1038 2351 1220 2428 Geographis
1237 2353 1404 2412 nausimus
1423 2352 1542 2408 Atticae

306 2465 428 2592 milit.
459 2533 575 2614 Ophias.
609 2533 741 2610 Scaliger
771 2531 874 2612 lphias.
904 2532 1027 2618 Ophias..
1054 2534 1139 2612 Ophii
1163 2536 1231 2613 filia
1262 2536 1373 2592 Comhe.
1411 2533 1544 2590 Planudi

306 2635 362 2700 l’a·
401 2633 427 2705 ri.

353 2633 431 2803 μόβδή.
451 2731 612 2788 Calaureae.
632 2733 779 2788 iussione
800 2729 930 2808 Argolici
952 2741 1052 2787 cantra
1069 2733 1238 2788 Praetenen.
1252 2724 1452 2794 Demosthenis
1464 2734 1544 2790 letho

306 2832 387 2880 nota.
406 2823 548 2880 Latoidos.
560 2825 674 2876 Latona
692 2827 814 2896 primum
833 2825 969 2899 praeside
987 2824 1104 2890 elaeae,
1115 2823 1264 2900 sedqaam
1275 2832 1379 2898 postea
1392 2841 1448 2896 pro
1468 2823 1544 2880 Delo

306 2917 478 2992 permutavit
497 2935 560 2972 cum
578 2917 721 2989 Neptuno.
825 2931 833 2947 ·

367 3006 475 3060 385.st
495 3005 642 3064 uolucrem
663 3006 810 3062 verstrae
820 3005 920 3078 juisse
939 3004 1053 3062 ridetur
1074 3009 1146 3062 Ceia
1158 3025 1211 3064 ren
1234 3007 1402 3074 Trachinis,
1415 3011 1466 3084 qui
1476 3027 1543 3070 cum

309 3109 479 3174 tempestate
499 3101 528 3154 in
549 3103 624 3154 mari
641 3102 783 3172 perisset,
804 3099 1008 3172 Halcyoneaue
1028 3101 1118 3172 ipsius
1137 3117 1213 3156 uuor
1241 3089 1317 3154 AEoli
1345 3099 1412 3174 filia
1444 3097 1544 3156 deado

309 3197 403 3268 perire
421 3193 513 3258 vellet,
531 3192 616 3246 amia
636 3193 664 3244 in
684 3209 753 3245 aues
772 3190 966 3266 Halcyanides
979 3194 1105 3248 converse·
1114 3191 1255 3268 suerunt,
1273 3201 1304 3248 at
1324 3195 1353 3248 in
1365 3193 1385 3257 l,
1402 3211 1444 3250 ιι.
1454 3204 1546 3270 poeta

310 3286 394 3358 plene
412 3285 556 3339 describit.

367 3379 430 3431 386.
442 3375 626 3452 Menephron.
637 3375 815 3450 Menephron
834 3393 898 3432 cum
919 3376 1036 3452 Cyllene
1045 3378 1118 3454 fllia
1137 3380 1166 3434 ia
1195 3377 1323 3440 Arcadia
1350 3381 1429 3452 <uhi
1460 3395 1544 3438 mons

310 3463 448 3546 Cyllene)
468 3476 496 3522 et
516 3485 581 3523 cum
607 3469 709 3524 Bliade
735 3468 836 3523 madre
870 3489 923 3526 sua
950 3475 1109 3530 concubuit.
1135 3476 1267 3554 Hyginus
1289 3470 1361 3546 sah.
1396 3477 1461 3530 253.
1488 3477 1547 3531 De·

308 3575 386 3616 utera
413 3559 532 3637 Cyllene
553 3573 604 3620 cst.
645 3562 762 3638 Cyllene
787 3580 867 3617 mans
892 3573 935 3620 est
963 3565 1112 3624 Arcadiae
1143 3570 1283 3624 Mercurii
1302 3569 1456 3628 natiutate
1492 3587 1544 3624 no·

311 3653 456 3719 tissimus,
473 3654 502 3727 lh
529 3654 648 3728 Cyllene
673 3653 798 3730 nympha
826 3659 1050 3732 cognominatus.
1081 3655 1139 3716 Sed
1172 3659 1317 3734 Cyllenem
1349 3667 1495 3726 montem,
1527 3660 1548 3712 h

311 3742 429 3813 Cyllene
448 3745 529 3802 Elati
540 3745 614 3819 filio
632 3745 769 3814 Arcade,
789 3743 920 3816 dictum,
942 3749 1109 3806 Pausanias
1128 3759 1216 3808 autor
1245 3759 1296 3806 est.
1328 3749 1412 3805 Mela
1445 3759 1547 3804 autem

309 3835 487 3889 Mercurium
510 3837 668 3910 Cyllenium
688 3842 708 3895 a
729 3838 847 3913 Cyllene
866 3848 975 3913 portu,
995 3843 1055 3898 sive
1072 3841 1225 3900 naualibus
1243 3841 1428 3906 hiiensium,
1450 3841 1499 3896 ubi
1518 3849 1547 3896 et

310 3936 410 3982 uatum
430 3928 511 3983 illum
530 3930 735 3998 arbitrantur,
754 3931 933 4008 appellatum
952 3933 1078 3993 arctina
1098 3955 1155 4012 qua
1176 3945 1341 3992 caminatae
1355 3933 1544 4011 Menephron.

314 4021 412 4076 Tasat
432 4021 631 4096 Menephrona
651 4025 794 4098 quendam
813 4035 924 4100 poeta,
943 4045 1025 4101 quem
1044 4047 1109 4084 cum
1129 4036 1222 4083 matre
1241 4024 1320 4080 coire
1341 4045 1398 4082 non
1416 4026 1533 4100 puduit.

367 4115 430 4168 388.
451 4111 594 4189 Cephison
615 4113 714 4190 procul
734 4113 810 4172 hinc.
823 4118 959 4194 Cephisus
971 4119 1083 4194 fluvius
1103 4128 1146 4174 est
1165 4117 1303 4174 Boeotiae
1322 4117 1542 4194 praeterlabens

309 4205 454 4279 Delphos:
475 4207 558 4280 cujus
568 4207 655 4282 filius
673 4208 710 4262 ah
730 4207 864 4280 Apolline
884 4213 912 4266 in
933 4213 1077 4286 phocam,
1096 4211 1149 4266 hoc
1169 4219 1225 4278 est,
1251 4209 1370 4266 vitulum
1383 4213 1544 4276 marinum,

300 4297 368 4373 suit
386 4315 544 4357 conversus.
555 4301 708 4378 Cephison.
718 4303 779 4356 Sea
794 4303 906 4375 stauos
937 4307 1071 4382 Cephisos
1102 4313 1130 4360 et
1150 4305 1270 4378 fantem
1306 4303 1392 4380 huius
1424 4308 1548 4364 nonanis

312 4411 399 4452 unum
419 4401 548 4451 recenset
567 4394 681 4454 Strabo.
705 4392 754 4452 lili.
766 4393 1069 4468 9.sah.determiaar·e
1087 4415 1144 4456 non
1163 4401 1206 4456 ita
1219 4396 1327 4474 facile.
