3258 5258
386 331 440 447 96
735 353 1100 414 uomuissssoms

306 477 443 586 Quam
457 504 599 590 gerere
614 537 624 574 ,
642 491 766 586 atque
782 503 884 556 suas
901 473 963 555 ihi
971 499 1313 583 praeconsumere
1330 475 1449 556 uires

307 590 466 677 Classis
484 589 537 670 ab
557 587 753 697 Oenopiis
771 586 994 667 etiamnum
1012 586 1171 697 Lyctia
1189 587 1318 668 muris
1435 595 1517 702 49ο

304 701 496 814 Spectari
507 717 669 811 poterut
685 765 695 800 ‚
713 726 807 782 cum
822 699 946 806 pleno
964 699 1133 782 concita
1153 700 1241 783 uelo

303 817 454 901 Attica
466 815 618 924 puppis
636 811 767 908 adest,
785 813 830 892 in
843 827 1068 924 portusque
1087 813 1215 892 intrat
1234 812 1394 894 amicos
1415 853 1429 898 .-

309 929 429 1038 Quae
450 925 697 1037 Cephalum,
712 926 953 1036 patriaeque
970 923 1098 1006 simul
1112 921 1316 1006 mandata
1324 924 1505 1032 ferebat.

304 1037 515 1127 AEacidae
534 1040 659 1154 longo
669 1040 843 1152 juvenes
856 1053 952 1145 post
970 1052 1145 1146 tempore
1164 1039 1294 1122 uisum
1428 1043 1431 1050 “

306 1157 535 1267 Agnovere
552 1169 688 1234 tamen
710 1149 958 1259 Cephalum,
977 1147 1232 1256 dextrasque
1250 1147 1419 1232 dodim:

314 1267 439 1378 Inque
451 1267 587 1376 patris
604 1261 765 1346 duxere
781 1260 960 1345 domum
980 1261 1226 1369 Spectabilis
1243 1264 1384 1358 heros,
1434 1261 1520 1379 496

308 1377 372 1461 Et
389 1379 532 1462 veteris
549 1378 727 1459 retinens
744 1376 965 1456 etiamnum
978 1374 1161 1486 pignora
1168 1376 1354 1484 formae,

309 1488 552 1604 Ingreditur
560 1531 574 1591 ,·
590 1517 827 1600 ramumque
846 1503 987 1570 tenens
1000 1488 1216 1595 populan's
1236 1488 1374 1570 olivae

360 3805 543 3885 l9o.11yctis.
555 3809 706 3874 Cretensis,
720 3808 833 3876 Luctus
846 3807 916 3864 urhs
929 3809 1033 3864 Cretae
1056 3815 1109 3862 esta
1133 3807 1182 3860 tta
1209 3800 1343 3882 Cydonia
1354 3843 1364 3876 ,
1376 3803 1531 3876 Dictaea,

303 3905 425 3963 Gnossia
435 3942 445 3969 ,
468 3903 629 3977 Gortynia,
649 3900 688 3957 ah
709 3901 826 3958 urbibus
847 3904 962 3957 Cretae.

361 3997 425 4064 499.
435 3989 545 4050 Veteris
563 3989 679 4048 formae.
699 3993 848 4048 Pristinus
869 3989 1100 4068 pulchritudinis.
1117 3985 1195 4047 Nam
1209 3987 1352 4065 Cephalus
1376 3989 1531 4068 formosis·

317 4087 327 4139 i
417 4084 469 4138 uit.

302 4081 423 4249 ‘'¹¹23''
435 4171 580 4250 Popularis
593 4172 691 4232 olisna.
702 4177 737 4232 tn
748 4177 847 4232 Attica
860 4185 964 4246 natae,
983 4174 1127 4252 populove
1151 4183 1272 4247 gratus:
1289 4181 1354 4230 erat
1377 4183 1476 4230 autem
1497 4171 1530 4229 id

302 4273 414 4346 signum
437 4268 534 4342 pacis,
558 4274 587 4320 ct
609 4267 713 4322 auxilii
737 4268 863 4338 petendi.
874 4268 1031 4345 Popularis.
1043 4271 1125 4342 Quas
1137 4266 1287 4322 Minervae
1299 4267 1417 4322 Atticae
1428 4283 1530 4323 munus

300 4359 331 4414 in
349 4357 502 4414 certamine
519 4353 556 4410 dc
575 4356 652 4412 urhis
672 4359 784 4413 nomine
803 4357 824 4412 l.
835 4361 862 4412 6.
873 4377 944 4414 vers.
957 4381 1001 4431 77.
1011 4359 1094 4434 pacis
1114 4357 1181 4414 item
1193 4359 1313 4434 insigna.
1323 4354 1528 4432 Paciferaeque

299 4453 388 4496 maun
399 4451 508 4492 ramum
518 4431 676 4510 praetendit
689 4431 792 4498 oliuu.
801 4434 912 4494 aaut.
922 4435 970 4494 tu.
981 4441 1008 4494 8.
1025 4436 1106 4510 Virg.
