3290 5260
375 334 461 420 266
711 351 1077 420 eovmnrisoms

296 485 416 569 Pone
432 507 535 593 age,
553 503 630 560 neo
649 476 791 560 titulos
808 475 1006 585 intercipe
1023 471 1214 582 foemina
1232 485 1412 572 nostros,

291 589 545 678 Thestiadae
562 591 768 688 clamant·
785 617 866 670 neu
889 603 929 670 te
943 585 1109 690 fiducia
1117 583 1284 694 formae

290 706 509 815 Deczplat,
529 703 731 816 longeque
749 720 820 786 tao
838 702 893 783 sit
911 718 1060 810 captus
1077 727 1216 780 amore
1413 691 1498 801 435

291 821 474 904 Auctor.-
492 834 531 898 et
549 817 646 898 hoie
664 813 854 898 adimunt
872 841 1037 906 munos,
1049 813 1123 924 jus
1137 810 1317 890 muneris
1333 809 1411 892 illi.

292 935 390 1016 Non
410 929 523 1035 tolit3
542 945 581 1010 et
599 925 764 1010 tumida
773 923 980 1036 frendens
998 924 1235 1008 Mavortius
1252 922 1348 1015 ira',

291 1044 458 1127 Discite
477 1058 659 1152 raptores
677 1039 826 1138 alieni,
845 1037 982 1135 dixit,
1000 1039 1190 1134 honoret,

291 1155 340 1240 F
332 1173 429 1238 octa
448 1156 571 1235 minis
590 1170 786 1264 quantam
807 1151 980 1238 distent.-
992 1151 1210 1257 hausitque
1228 1143 1411 1256 nefando

292 1268 472 1352 Pectora
491 1265 707 1376 Plexippi,
726 1264 793 1346 nil
805 1265 889 1346 tale
907 1263 1113 1354 timentia,
1123 1261 1254 1368 ferro.
1414 1265 1497 1364 440

293 1381 340 1466 T
332 1409 464 1482 oxea,
484 1375 755 1492 qut'dfociat,
773 1375 963 1469 dubium,
975 1374 1213 1485 pariterque
1231 1370 1430 1457 volentem

341 3179 406 3250 433.
435 3175 523 3232 Pone.
544 3179 672 3252 Depone.
693 3177 809 3235 Nostros
835 3175 941 3234 titulos.
963 3175 1097 3234 Nostram
1123 3195 1257 3240 oaorem,
1282 3183 1411 3232 rostram
1439 3176 1502 3252 glo·

283 3273 366 3326 riam.
387 3267 531 3324 Foemina.
554 3273 623 3324 Cam
643 3271 766 3346 quodam
786 3280 948 3344 contemptu
968 3271 1140 3326 Atalantam
1161 3269 1310 3326 foeminam
1332 3279 1446 3326 vocant.

336 3365 402 3434 434.
422 3361 602 3420 Thestiadae.
614 3364 771 3438 Plexippus
783 3373 810 3419 et
827 3365 941 3420 Tereus
958 3365 1063 3420 Thestii
1081 3363 1146 3435 fittt.
1170 3363 1227 3420 Nec
1244 3377 1281 3420 te.
1303 3363 1362 3419 Nee
1378 3359 1502 3436 frustra

279 3453 318 3509 tlt
326 3449 454 3524 sarm,
475 3471 533 3528 qua
544 3454 634 3527 freta
655 3453 788 3527 corpote,
805 3451 919 3524 frastra
940 3456 978 3509 sit
997 3465 1049 3508 aut
1069 3455 1155 3530 lorge
1163 3453 1288 3528 sormae
1307 3465 1377 3508 tuae
1386 3463 1504 3509 amator

286 3544 325 3598 ah
343 3545 456 3600 auxilio
476 3543 674 3618 tihisereado.
695 3546 780 3600 Atlas
801 3546 843 3600 ad
874 3549 1009 3602 Perseum
1030 3547 1050 3602 l.
1077 3551 1103 3616 4.
1130 3569 1155 3603 v.
1178 3552 1242 3603 650.
1277 3547 1352 3603 Hinc
1385 3565 1501 3621 qnoque

284 3635 356 3696 vade
376 3636 491 3714 procul,
511 3655 546 3692 ne
566 3635 650 3713 longe
671 3635 757 3713 gioria
779 3657 872 3694 rerum
884 3679 893 3708 ,
914 3639 991 3710 Quat
1016 3639 1145 3694 mentiris
1157 3679 1166 3704 ,
1187 3639 1249 3704 ait,
1276 3637 1359 3714 louge
1380 3637 1433 3694 tibi
1454 3637 1507 3692 Ju-

284 3728 361 3804 piter
380 3726 452 3783 absit
464 3748 475 3792 ,·
495 3735 523 3780 et
544 3727 658 3782 Turnus
682 3747 724 3783 ia.
743 3727 853 3782 AEaeid.
874 3749 900 3784 a.
921 3733 965 3786 52.
986 3731 1083 3806 Longe
1104 3727 1145 3784 itti
1163 3729 1223 3783 Dea
1244 3740 1332 3784 mater
1352 3727 1423 3792 erit,
1443 3739 1499 3782 etc.

282 3820 358 3890 Quia
378 3827 407 3872 et
426 3816 572 3873 Diodorus
591 3817 640 3873 lib.
662 3821 686 3872 5.
707 3817 797 3890 refert
816 3818 960 3874 Althaeae
970 3818 1088 3891 fratres
1108 3817 1289 3884 Atalantae,
1308 3835 1372 3872 cum
1399 3819 1428 3870 ia
1449 3819 1505 3869 Ar·

284 3907 399 3960 carliam
420 3925 533 3962 reversa
553 3917 645 3976 esset,
666 3916 765 3980 tergas
783 3911 849 3980 apri
869 3909 1030 3977 abstulisse-5
1050 3908 1130 3981 apoll
1148 3927 1229 3984 quem
1250 3908 1314 3983 lege
1333 3903 1503 3979 totamsah.

285 4006 317 4051 ut
338 4005 367 4052 et
386 4000 538 4052 Homerum
559 3997 593 4052 tt.
616 4017 644 4068 9.
664 4007 692 4053 et
711 4001 779 4054 Aat.
805 3999 943 4053 ttteratts
963 3998 1243 4072 Metamorph.‹jah.
1269 4019 1295 4052 e.

341 4090 407 4156 437.
427 4089 489 4144 Nou
513 4085 587 4144 tulit.
607 4088 671 4144 Noa
689 4107 793 4160 passus
813 4097 855 4144 est
875 4087 1048 4144 Atalantam
1078 4107 1193 4144 manere
1214 4087 1369 4160 fraudari.
1392 4087 1506 4141 Maior·

279 4177 343 4236 tius.
359 4181 542 4244 Betthorus,
562 4183 656 4235 Marti
675 4181 775 4236 similit
794 4183 956 4256 Meleager.
979 4183 1145 4240 Mavortius.
1159 4182 1284 4239 Althaea
1305 4179 1408 4236 eadem
1422 4189 1507 4234 nocte

277 4274 409 4344 coacepit
428 4291 466 4325 er
486 4275 582 4326 Oeaeo
602 4281 629 4326 et
655 4273 763 4327 Marte.
783 4273 890 4348 Hygia.
915 4273 986 4327 Fah.
1012 4293 1073 4344 ¹7¹·

340 4367 405 4435 439.
425 4363 555 4422 Νοῐιιιάο
575 4364 660 4422 ferro.
680 4363 818 4439 Nefaria,
842 4367 939 4442 impio.
960 4365 1036 4424 Nam
1058 4363 1221 4442 Plexippos
1246 4365 1394 4441 Meleagri
1420 4381 1506 4419 avua·

277 4454 361 4510 colus
383 4464 456 4510 erat.
