3272 5252
390 252 479 364 458
719 253 1081 328 novmnutsoms

308 399 448 484 Paene
466 417 597 504 puer,
613 385 820 495 didicique
838 395 980 494 tegens
998 367 1197 486 lanugine
1215 363 1355 452 neahs

312 511 399 596 Ora
417 507 662 616 reformatus
670 490 982 608 primoslblaus
1000 489 1045 569 in
1058 511 1202 568 annos.

369 621 462 706 Hoc
480 613 547 698 illi
563 611 735 696 dederat
752 605 937 692 Janonia
956 599 1136 682 muneris
1155 593 1286 684 Hebe,
1441 588 1516 689 boo

316 733 361 824 V
356 735 443 817 icta
460 730 548 812 viri
558 725 769 838 precibus:
789 746 894 830 quae
913 742 1005 796 cum
1017 711 1160 823 jurare
1174 715 1348 816 pararet

313 845 443 929 Dona
461 843 703 924 tributuram
717 831 894 942 posthae
911 855 955 910 se
974 825 1077 906 talia
1096 819 1206 902 nulli
1215 856 1228 914 ;

314 957 414 1042 Non
432 971 493 1038 est
505 979 636 1066 passa
658 944 837 1032 Themis.
857 939 971 1024 Nam
976 935 1067 1048 jam
1085 925 1302 1015 discordia
1324 923 1490 1008 Thebae

316 1071 435 1154 Bella
454 1079 637 1156 movent,
655 1056 770 1140 dixit
782 1053 1088 1163 'Capaneetsrpue
1106 1045 1192 1126 nisi
1202 1041 1255 1124 ab
1269 1039 1384 1126 Jove
1402 1034 1521 1116 vinci

318 1177 450 1265 Haud
458 1173 624 1292 poten't:
645 1171 838 1281 ibantque
854 1189 978 1278 pares
995 1161 1041 1244 in
1059 1157 1226 1244 uulnera
1235 1151 1421 1264 fratres:
1442 1144 1519 1254 405

393 2337 457 2412 ³9⁸.
478 2334 569 2392 Dubis
590 2331 730 2408 lentigine.
751 2331 835 2404 Quae
853 2331 903 2386 cie
922 2319 1071 2384 uidebatur
1099 2315 1134 2384 ab
1152 2325 1333 2384 tenuitatem
1368 2313 1446 2384 rene
1465 2331 1539 2404 puer·

319 2431 422 2485 luleus
440 2447 477 2484 ex
495 2439 560 2483 sene
579 2426 672 2480 denua
690 2423 867 2496 pubertatem
886 2421 1035 2494 adeptus,-
1055 2418 1131 2494 quad
1149 2418 1186 2473 ele
1205 2438 1239 2473 ea
1250 2418 1405 2494 fingitur,
1425 2423 1495 2495 quia
1510 2423 1536 2474 ie

320 2527 419 2576 aetate
437 2525 552 2571 senecta
573 2513 666 2569 multa
685 2522 713 2566 et
732 2513 850 2587 egregia
860 2508 1003 2586 facinora
1023 2511 1120 2586 gessit.

377 2611 446 2664 ra.
466 2610 502 2664 X.
515 2611 581 2683 Arg.
601 2608 664 2661 Hac
686 2601 731 2660 illi
749 2603 870 2660 dederat
889 2605 1016 2658 banania
1031 2603 1155 2656 muneris
1168 2601 1253 2656 Hebe.
1265 2600 1413 2660 callirhoe
1426 2603 1539 2662 Acheloi

323 2701 415 2758 cuiuis
433 2699 505 2768 filiu,
528 2692 706 2756 Alcmeeiinis
723 2697 772 2773 qui
794 2707 921 2753 mutereo
944 2693 1078 2771 sunguine
1098 2713 1226 2770 uspersus
1246 2695 1275 2750 in
1298 2697 1492 2754 hcurneniern
1514 2711 1540 2755 se

323 2789 504 2856 contulerat,
523 2803 554 2846 ut
576 2791 757 2864 expiaretur,
787 2789 950 2865 conjugium
980 2771 1056 2854 init,
1075 2805 1110 2843 ex
1131 2806 1220 2861 eoque
1243 2787 1316 2844 duos
1349 2789 1423 2848 lilios
1449 2793 1540 2850 edidit.

324 2883 463 2956 Quicum
483 2903 532 2960 per
554 2883 691 2938 lellecium
712 2883 728 2936 le
750 2883 880 2958 Phegea,
901 2881 980 2952 cujus
999 2891 1064 2934 unte
1084 2877 1167 2932 filiani
1188 2877 1347 2946 hebuerut,
1367 2895 1444 2941 esset
1475 2885 1541 2942 ocri·
1623 2929 1624 2936 ,

325 2993 373 3030 sus
385 3011 395 3038 ,
414 2973 486 3050 petit
506 2970 550 3026 illu
572 2974 586 3026 'e
606 2973 676 3029 Jove
698 2985 729 3029 ut
749 2967 843 3028 liberis
862 2971 939 3037 suis,
963 2981 995 3024 ut
1014 2968 1117 3024 ultores
1137 2969 1223 3046 petris
1242 2984 1348 3037 esseut,
1368 2993 1461 3030 suune
1480 2976 1541 3049 udji·
1623 2941 1624 2958 .

325 3078 411 3123 ceret.
433 3067 506 3142 Ergo
527 3077 557 3120 ut
577 3064 605 3118 id
625 3063 761 3138 consequi
781 3073 915 3140 possent,
940 3059 996 3116 Dei
1027 3059 1170 3117 uoluntate
1191 3079 1226 3118 ex
1257 3065 1379 3139 pueritie
1409 3065 1440 3123 in
1459 3067 1543 3124 edele-
1623 3091 1624 3094 ¹

325 3167 435 3212 scentes
455 3151 561 3208 lectum
582 3165 626 3209 eet
645 3167 677 3208 ut
697 3153 841 3209 cederent.

385 3249 450 3318 403.
469 3244 594 3300 Themis.
614 3249 691 3314 Dea,
711 3265 785 3321 quae
796 3241 853 3316 sas
867 3243 968 3318 jubet,
989 3241 1074 3318 nesae
1099 3251 1197 3308 uetat,
1230 3248 1362 3302 vaticinii
1380 3257 1412 3304 et
1436 3249 1542 3304 oraculi

327 3355 443 3413 praeses
462 3348 493 3392 ut
512 3338 552 3392 ad
571 3337 589 3392 l.
614 3359 637 3391 t.
658 3341 755 3394 u.3¹tr.
787 3336 854 3392 vide
884 3337 969 3392 etiam
989 3353 1064 3412 quae
1091 3336 1211 3410 Gyralel.
1245 3341 1287 3394 15.
1319 3341 1407 3412 Synt-
1427 3353 1457 3399 et
1485 3345 1543 3398 lue.
1623 3391 1624 3408 ,

326 3429 473 3486 boissard.
491 3429 527 3486 de
546 3431 669 3485 Divinat.
680 3429 750 3484 Nem
764 3431 818 3504 jem
831 3427 969 3484 discordie
990 3421 1106 3484 Thebae
1120 3429 1191 3485 belle
1210 3445 1336 3490 mouent.
1351 3435 1542 3509 Amphiaraus
1623 3415 1624 3420 Ἰ

330 3521 420 3576 Oiclei
429 3519 531 3593 filius,
551 3530 629 3574 uates
649 3519 844 3586 clarissimus,
863 3535 975 3574 samse
994 3519 1014 3571 h
1033 3519 1106 3574 bello
1134 3521 1269 3578 Thebaite
1287 3541 1346 3576 nan
1366 3543 1541 3582 reversurum
1623 3515 1624 3576 J

330 3609 538 3687 praevidisset,
557 3613 577 3666 ὰ
596 3611 732 3690 Polynice
749 3609 833 3666 nullis
851 3609 980 3686 precibus
999 3610 1107 3666 adduci
1125 3621 1260 3686 poterut,
1280 3625 1312 3669 ret
1331 3616 1376 3671 illi
1392 3623 1541 3675 interesset.
1623 3581 1624 3604 i

331 3707 429 3779 Quare
449 3705 598 3779 Polynices
631 3723 747 3760 aureum
768 3703 841 3759 tttat
861 3706 965 3761 manile
985 3713 1004 3760 ὰ
1026 3703 1138 3763 Venere
1156 3707 1309 3762 Hermione
1328 3707 1410 3766 dana
1429 3714 1542 3774 clatum,

330 3795 491 3870 Eriphylae
510 3793 678 3866 Amphiarai
699 3796 808 3858 uxori,
828 3811 884 3870 quo
903 3795 968 3850 belli
988 3799 1154 3852 sacietatem
1174 3799 1233 3852 uiro
1258 3801 1478 3872 persuaderet,
1495 3803 1543 3856 ler-v
1623 3845 1624 3860 .

331 3889 409 3962 gitur
429 3895 479 3942 est.
503 3890 572 3942 Cum
591 3903 657 3941 vera
678 3905 712 3942 ea
732 3895 858 3962 tempore
875 3887 1088 3960 Amphiaraus,
1108 3889 1308 3968 Adrastusque
1329 3893 1368 3950 sle
1388 3913 1480 3970 regno
1496 3893 1542 3948 lis·
1623 3865 1624 3874 .

332 3980 489 4046 sentirent,
511 3977 552 4033 ad
572 3977 728 4054 Eriphylen
745 3979 915 4050 Amphiarai
934 3993 1052 4038 uxorem
1072 3979 1246 4058 Adrastique
1264 4000 1397 4040 sorerem
1412 3987 1541 4060 judicium
1623 3945 1624 3956 ¹

333 4071 457 4126 amnium
476 4069 679 4126 dissensionum
699 4069 870 4124 detulerant.
892 4069 948 4124 illa
978 4089 1046 4126 vera
1066 4088 1120 4144 pra
1139 4072 1319 4144 Amphiarao
1352 4081 1469 4153 quidem
1493 4094 1544 4131 ser«

336 4161 455 4216 tentiam
474 4159 550 4224 tulit,
570 4159 620 4214 sed
639 4165 671 4214 ut
689 4159 755 4214 belli
777 4159 879 4216 Thebis
897 4157 1040 4234 inserendi
1060 4165 1154 4216 sacius
1174 4163 1353 4240 adjutusque
1373 4177 1459 4224 esset.
1480 4169 1541 4220 Oee-

334 4259 426 4307 ierum
445 4249 639 4324 Amphiaraus
658 4254 827 4308 existimans
839 4269 870 4306 se
882 4251 919 4306 ab
939 4269 1029 4306 uxore
1046 4251 1201 4327 proditum,
1218 4237 1465 4336 Alcmaeonifiliu
1475 4276 1543 4318 new
1623 4216 1624 4246 i

334 4341 431 4410 davit,
450 4353 482 4402 ut
501 4349 566 4418 pust
584 4361 665 4401 suum
678 4345 783 4404 obitum
796 4341 953 4420 Eriphylen
971 4353 1095 4404 necaret.
