3274 5248
420 333 503 426 308
754 359 788 422 Ρ.
806 359 935 423 ovum
960 359 1128 422 nasonis
1226 365 1232 372 ·

337 483 433 593 Ipse
452 483 587 566 Iocum
606 477 715 566 vidi:
735 509 834 562 nam
852 507 918 562 me
937 479 1133 592 Pelopeia
1149 477 1341 563 Pittheus

338 596 465 682 Misit
483 598 528 677 in
546 621 650 678 aava
667 659 677 690 ,
695 623 773 678 suo
791 589 1001 704 quondam
1020 599 1197 708 regnata
1209 593 1392 704 parenti.

338 705 472 793 Haud
487 715 509 760 *
522 707 676 818 procul
689 709 789 791 leina
805 723 1016 822 stagnum,
1036 707 1159 788 tellus
1178 703 1418 788 habitabilis
1432 705 1541 812 olim;

337 823 467 909 Nunc
484 822 661 906 celebres
679 821 831 935 mergis
839 821 1072 928 fulicisque
1084 819 1345 930 palustribus
1364 817 1512 904 undae.

337 935 502 1045 Jupiter
516 935 623 1028 lanc,
641 936 777 1042 specie
795 931 987 1032 mortali,
1007 961 1183 1044 cumque
1196 948 1370 1043 parente
1461 929 1541 1016 626

343 1048 468 1136 Venit
488 1044 760 1130 Atlantiades
772 1047 925 1155 positis
943 1043 1166 1154 caducifer
1181 1045 1278 1128 alis.

338 1159 466 1242 Mille
484 1159 629 1244 domos
647 1158 816 1252 adiere,
834 1159 972 1242 locum
991 1159 1254 1271 requiemque
1265 1173 1480 1269 petentes:

339 1271 464 1358 Mille
481 1269 626 1356 domos
643 1271 830 1356 clausere
847 1301 964 1355 serae
972 1311 986 1372 ‚-
1004 1287 1140 1354 tamen
1160 1300 1246 1354 una
1263 1272 1443 1382 recepit,

340 1385 491 1478 Parva
509 1381 694 1498 quidem,
712 1383 878 1493 sn'pulis
895 1400 935 1468 et
953 1387 1100 1472 canna
1118 1401 1229 1472 tecta
1240 1385 1437 1498 palustri.
1461 1381 1541 1472 630

380 3883 444 3934 622.
455 3877 596 3957 Pelopeia.
607 3879 619 3956 Ι
626 3881 660 3938 ln
673 3883 844 3960 Phrygiam,
857 3891 1012 3961 regnatam
1026 3885 1154 3942 Tantalo
1178 3887 1292 3962 Pelopis
1301 3889 1391 3962 petri.
1413 3885 1543 3944 Pittheus

325 3965 449 4024 Troezen
468 3979 496 4024 et
510 3971 641 4028 Pittheus
660 3973 777 4048 Pelopis
786 3975 849 4052 filii
858 3975 951 4052 suere
970 3976 1148 4042 cessande,
1168 3997 1290 4054 quarum
1310 3979 1362 4034 ille
1383 3979 1477 4034 urbem
1498 3975 1547 4032 sibi

320 4063 513 4134 cognominem
537 4064 668 4142 reliquit3
687 4067 733 4121 lu'c
752 4072 780 4123 ei
798 4067 952 4124 succedens
970 4070 1010 4126 itu·
1029 4075 1171 4148 regnavit.
1195 4072 1281 4128 Teste
1312 4071 1410 4128 Strati.
1438 4069 1488 4127 tu.
1516 4077 1539 4126 8.

320 4151 391 4206 Fuit
410 4161 439 4206 et
458 4153 589 4211 Pittheus
606 4165 692 4230 pates·
710 4159 829 4217 AEtlsrae
848 4181 924 4238 quae
943 4172 1037 4219 rnnter
1063 4163 1174 4221 Thesei.

375 4241 441 4296 623.
463 4241 520 4298 Suo
540 4245 659 4321 parenti.
680 4249 791 4324 Pelopi.
811 4252 889 4310 Nam
908 4253 1040 4310 Pittheus
1052 4263 1082 4310 et
1108 4256 1233 4311 Troezen
1254 4257 1373 4332 Pelopis
1382 4253 1544 4332 fitu'juere,

320 4339 353 4388 as
371 4333 477 4392 Strabo
496 4347 609 4395 narrat.

376 4432 442 4500 627.
461 4427 639 4489 Atlantiades
658 4433 811 4495 caducifer.
840 4441 1006 4500 Mercurius
1025 4441 1182 4504 cudseceum
1203 4461 1314 4522 gerens.

1174 4722 1185 4762 Ν
