3258 5258
385 284 458 370 ¹72
719 281 755 342 s.
774 281 900 340 avion
921 246 1086 342 sssosss

295 405 459 488 Interea
477 397 625 481 Moses
642 394 840 510 Lelegeia
857 395 1000 478 littora
1017 411 1174 482 uastat:

296 517 617 622 Praetentatqne
634 511 703 592 sui
719 510 833 592 uires
852 508 1063 592 Mavortis
1081 511 1128 591 in
1145 509 1243 590 urbe

296 625 525 718 Alcanor,
544 649 669 734 qssam
688 619 820 706 Nisus
837 621 956 703 babet
962 653 972 726 3
991 621 1065 704 cui
1079 615 1326 730 splendidus
1346 638 1459 709 ostro

304 742 412 825 Inter
422 739 643 819 honoratos
662 732 799 818 medio
818 732 871 817 de
889 737 1039 819 uertice
1056 761 1189 817 canos

302 851 441 936 Crinis
462 847 698 930 inhaerebat
716 848 865 961 magni
866 845 1044 955 fiducia
1062 847 1195 960 regni.
1457 877 1504 934 ιο

297 966 432 1047 Sexta
449 963 716 1074 resurgebant
734 961 903 1042 orientis
928 988 1087 1042 cornua
1105 959 1312 1044 Phoebes:

296 1075 359 1160 Et
375 1071 582 1184 pendebat
600 1073 740 1154 adbuc
757 1073 858 1154 betti
873 1071 921 1156 F
914 1089 1090 1170 ortuna;
1108 1070 1262 1185 ds'bque

296 1191 412 1271 inter
427 1202 641 1288 utrumqne
658 1183 778 1266 volat
796 1184 936 1267 dubiis
958 1185 1149 1272 Victoria
1161 1185 1326 1293 pennis.
1351 1247 1353 1250 -

296 1301 426 1412 Regia
445 1298 573 1379 turris
590 1313 679 1378 erat
697 1297 939 1380 vocalibus*
957 1297 1107 1378 addita
1126 1299 1281 1391 muris,

295 1414 348 1496 In
366 1409 723 1522 quibnsauratam
735 1410 875 1518 protes
893 1408 1200 1515 Latoiafertur
1457 1408 1503 1496 15

294 1522 550 1631 Deposuisse
567 1520 723 1632 lyram.-
741 1549 853 1604 saoeo
870 1549 998 1604 sonus
1015 1521 1105 1634 ejns
1124 1520 1314 1608 inhaesit.

296 1635 426 1745 Saepe
443 1633 546 1715 illoc
562 1633 688 1716 solita
704 1649 767 1716 est
784 1632 1123 1742 ascenderefitio
1141 1635 1260 1728 Nisi,

296 1745 359 1830 Et
370 1761 510 1858 petens
526 1746 686 1858 exigno
704 1749 944 1830 resonantia
962 1776 1075 1830 saxa
1094 1746 1266 1858 lapillo,

336 3283 364 3335 o.
381 3275 525 3352 Lelegeia.
544 3279 729 3351 Megarensia
740 3321 750 3346 ,
772 3277 791 3332 ὰ
813 3275 934 3352 Detege,
954 3277 1005 3354 (μα’
1023 3275 1061 3334 ab
1080 3277 1214 3354 Aegypto
1234 3274 1347 3332 advena
1362 3277 1504 3352 Megara!

279 3371 469 3440 instauravit,
489 3368 654 3445 incolasque
673 3372 692 3424 ὰ
712 3389 742 3426 se
762 3369 884 3445 Lelegas
902 3371 1048 3426 nominari
1066 3371 1154 3425 uoiutt
1170 3412 1178 3436 ‚
1197 3369 1280 3444 cujus
1298 3379 1432 3443 nepotem
1444 3372 1502 3424 Sci-

280 3479 377 3514 ranem
396 3467 423 3514 et
444 3459 544 3515 Nisum
564 3459 601 3513 de
619 3477 708 3536 regno
727 3459 921 3535 disceptantes
947 3461 1087 3516 arbitrum
1119 3460 1287 3536 delegerunt
1310 3463 1459 3526 Aeaeam,
1478 3459 1504 3514 is

279 3567 396 3624 regnum
417 3549 488 3604 Niso
506 3547 698 3623 adjudicabit.
720 3550 851 3606 Pansan.
872 3551 900 3603 in
921 3551 1035 3605 Atticis.

336 3648 364 3698 s.
382 3641 471 3712 Quam
491 3642 573 3698 Nisus
595 3639 692 3699 habet.
705 3641 845 3698 Possidet.
865 3641 955 3697 Nisus
971 3644 1044 3696 enins
1059 3661 1097 3698 ex
1109 3651 1235 3719 qssatnar
1249 3641 1408 3697 Pandionis
1420 3639 1505 3696 Aste-

279 3753 381 3790 narum
401 3735 565 3809 regissttiis
585 3753 658 3791 senus
668 3735 758 3812 suit,
778 3736 825 3790 cui
845 3739 901 3804 (ut
922 3735 1027 3790 Strabo
1047 3745 1150 3790 narrat
1169 3735 1218 3792 tib.
1237 3735 1289 3806 9.)
1308 3737 1338 3789 in
1358 3736 1439 3810 regni
1462 3733 1503 3788 di·

278 3829 385 3882 visione
405 3828 425 3880 is
448 3825 596 3882 Pandione
606 3827 697 3902 jacta
718 3829 846 3904 Megara
866 3827 1037 3903 obtigerunt.
1059 3827 1211 3885 Alchstoe'.
1229 3829 1384 3904 Megaris,
1413 3831 1506 3882 etians

276 3919 315 3974 ab
334 3917 475 3975 Alcatboo
497 3920 672 3975 restauratis
690 3929 719 3975 et
739 3921 863 3976 munitis.

335 4025 379 4064 so.
398 4006 490 4082 Magni
508 4006 612 4064 fiducia
632 4009 720 4087 regui.
742 4009 890 4086 Quamdiu
912 4011 986 4066 enirn
1004 4011 1111 4066 crinem
1130 4011 1211 4067 ittuos
1232 4010 1375 4076 baberet,
1394 4009 1502 4086 privari

276 4113 334 4154 non
352 4105 469 4169 poterat
487 4115 586 4172 regno.

337 4207 378 4240 n.
399 4185 483 4242 Sexte
505 4185 697 4265 resurgebant.
717 4191 808 4248 Sexta
827 4209 923 4252 nsense
941 4199 1007 4270 post
1028 4202 1159 4270 coeptum
1180 4192 1355 4250 obsidionem
1375 4193 1499 4268 Megara

273 4277 391 4352 prodita
404 4276 507 4350 sstiste
526 4281 583 4336 ait.

336 4373 378 4426 ss.
399 4367 509 4426 Pelere.
529 4370 691 4430 Porcsstere.
