3274 5248
426 351 508 439 332
767 369 1155 459 novmneisoms.

336 501 461 591 Sunt,
480 495 629 606 quibus
647 495 692 576 in
705 491 848 600 plures
855 490 934 605 jus
951 506 1014 572 cst
1031 489 1207 570 transire
1211 484 1406 600 figums:
1454 483 1533 596 730

341 611 504 708 Uirili,
527 605 740 718 complexi
755 621 904 686 terram
924 603 1054 684 moris
1071 600 1225 700 incolo,
1254 603 1417 681 Proteo.

337 725 449 806 Nam
470 720 592 804 modo
611 736 649 802 te
659 719 863 830 juvenem,
883 713 1005 800 morlo
1024 731 1063 796 te
1082 712 1217 798 videre
1236 713 1407 806 leonem,

337 837 467 922 Nunc
485 835 685 918 uiolentus
703 859 819 940 aper:
840 859 964 924 nunc,
979 857 1098 938 quem
1116 826 1303 936 tetigisse
1320 827 1517 914 timerent,

343 949 516 1061 Anguis
534 975 640 1044 eros;
658 941 780 1026 modo
799 959 838 1025 te
856 945 1078 1051 faciebant
1090 969 1249 1023 cornico
1268 955 1443 1019 taetrum.

340 1063 471 1171 Saepe
490 1061 599 1171 lapis
613 1075 794 1166 poteras,
812 1060 937 1138 orbor
952 1083 1111 1165 quoque
1129 1079 1252 1160 saepe
1268 1049 1423 1134 villeri.
1473 1045 1544 1159 735

341 1173 568 1266 Interdum,
572 1173 736 1281 faciem
755 1171 789 1251 li
816 1167 1011 1250 nidorum
1030 1169 1217 1248 imitatus
1239 1191 1457 1272 uquarum,

343 1288 520 1376 Flumen
535 1313 648 1374 eros:
667 1199 872 1367 interilum
891 1280 1019 1366 undis
1036 1279 1272 1364 contrarius
1289 1277 1416 1390 ignis.

292 2965 293 2970 =
392 2937 456 3006 7³¹·
485 2934 524 2992 Ut
545 2933 594 2992 tibi
616 2933 755 3012 complexi
789 2946 891 2990 terrem
914 2931 997 2990 meris
1022 2933 1113 2991 incole
1133 2934 1249 2992 Proteo.
1271 2935 1397 2990 Proteus
1419 2933 1523 2992 Oceani
1536 2936 1559 2986 et

337 3025 465 3097 Tethyos
473 3023 540 3098 fuit
559 3024 661 3096 silius,
682 3035 713 3082 ut
733 3029 761 3080 in
784 3027 950 3102 Theogonia
981 3024 1122 3082 Hesiodus
1141 3027 1246 3081 scribit.
1278 3027 1347 3081 Fuit
1368 3037 1472 3081 autem
1491 3033 1555 3078 oates

340 3115 453 3174 clariss.
476 3115 577 3171 Iliacis
597 3119 779 3193 temporibus,
798 3120 847 3192 qui
865 3136 897 3172 se
915 3121 944 3170 in
964 3120 1061 3172 varias
1074 3103 1211 3174 'mutabat
1228 3117 1358 3192 figuras:
1379 3116 1448 3172 vide
1468 3111 1555 3174 Natal.

336 3208 386 3264 lib.
417 3217 442 3266 8.
473 3211 560 3284 ηιχεὴ.
589 3231 654 3287 cap.
673 3219 700 3269 8.
729 3211 877 3288 complexi
909 3223 1022 3266 tei-rem.
1044 3211 1120 3268 Nem
1140 3222 1218 3268 terra
1241 3211 1342 3285 infima
1370 3221 1415 3266 est
1448 3211 1556 3266 omniun

336 3301 537 3358 elementorum
570 3324 657 3377 quam
676 3306 720 3358 ita
754 3308 885 3358 Oceanus
916 3304 1127 3376 complectitur,
1147 3313 1179 3360 ut
1204 3306 1260 3360 aiis
1279 3307 1452 3370 Oceanum,
1474 3305 1558 3356 ae'rrm

337 3391 459 3460 aether,
478 3393 621 3448 aetherem
640 3393 758 3448 coelum.
788 3393 900 3452 Proteo.
930 3397 990 3450 nee
1009 3396 1145 3469 AEgsptt‚
1166 3397 1270 3460 Ceres;
1293 3393 1415 3448 Graecis
1441 3376 1554 3479 Πρωῗῦἱ

337 3479 455 3550 dictus,
474 3492 502 3537 et
524 3488 602 3539 Deus
633 3484 742 3551 maris3
776 3501 858 3555 quem
884 3499 912 3538 se
934 3489 964 3537 in
998 3489 1096 3539 uarias
1127 3501 1255 3538 mutasse
1274 3482 1399 3556 formas
1431 3485 1554 3558 fingunt:

336 3575 452 3629 Homer.
485 3576 587 3653 Oclpss.
624 3578 650 3646 4.
692 3572 821 3648 Orpbeus
847 3577 875 3629 io
906 3575 1002 3650 lirina
1033 3573 1178 3649 Aristopli.
1220 3575 1249 3628 in
1281 3575 1381 3630 lienis.
1425 3576 1458 3630 V
1457 3576 1508 3646 irg·
1537 3572 1556 3636 l·

338 3667 470 3741 Georgia.
499 3687 580 3744 quem
600 3665 730 3722 nonnulli
762 3669 883 3744 Magica
904 3678 968 3724 arte
987 3686 1018 3724 se
1037 3670 1067 3724 in
1084 3686 1137 3724 eas
1151 3665 1273 3741 formas
1305 3677 1440 3722 mutasse
1451 3665 1551 3740 serunt·

339 3759 428 3816 Plato
448 3765 477 3815 in
501 3759 684 3836 Euthydemo
704 3762 795 3817 tradit
825 3762 990 3834 Sopliistam
1011 3760 1119 3834 fuisse.
1167 3757 1386 3816 Iletlioiemalii
1405 3767 1436 3815 et
1455 3747 1554 3809 dicenll

337 3853 477 3925 pesitum
510 3854 661 3909 Politicum
681 3853 752 3916 alii,
767 3853 815 3929 qui
835 3861 899 3908 arte
919 3854 1000 3908 varia
1020 3851 1074 3928 pro
1093 3872 1125 3908 re
1144 3871 1182 3907 ac
1201 3863 1328 3926 tempore
1346 3848 1494 3924 ilempubl.
1512 3841 1553 3900 cl·

341 3944 520 4000 ministrarit.
540 3945 587 4000 Act
606 3963 704 4018 regum
724 3947 849 4018 insignia
874 3943 1004 4014 res-runt
1024 3943 1095 4009 alii,
1118 3961 1193 4019 quac
1212 3939 1331 3998 subinde
1359 3943 1557 4000 immutantur,

340 4056 415 4094 nunc
434 4040 527 4101 tauri,
547 4047 600 4092 etc.
631 4038 775 4092 Lucienus
794 4037 831 4092 de
849 4037 992 4092 saltatore
1023 4039 1232 4109 interpretatur
1250 4035 1351 4091 uarios
1378 4033 1495 4108 figuras
1517 4044 1552 4082 re·

341 4137 552 4202 praesentante.
581 4131 694 4184 Taetces
730 4115 949 4206 λεκανόμαντιν
969 4128 1171 4182 vaticinantem
1191 4143 1242 4200 per
1266 4125 1365 4200 pelves
1387 4122 1488 4194 fuisse
1515 4133 1555 4170 ar·

342 4215 475 4275 bitontur.
508 4217 710 4292 Philosophum
731 4215 831 4292 fuisse
862 4227 967 4290 putant
987 4218 1061 4282 alii,
1079 4215 1118 4270 de
1148 4218 1295 4270 variarum
1320 4231 1427 4276 ,rerum
1458 4219 1555 4264 »iatum

331 4305 538 4365 ⁴disserentem.
560 4310 696 4364 Ponticus
715 4307 884 4364 Heraclides
903 4311 932 4362 in
953 4308 1025 4362 libro
1044 4303 1188 4361 Homeric.
1206 4303 1431 4379 allegoriarum,
1449 4311 1478 4358 et
1497 4299 1558 4352 bunc

341 4407 478 4472 sequutus
499 4399 617 4456 Clariss.
638 4399 689 4454 Fr.
702 4401 839 4455 baconus
849 4399 878 4452 in
891 4403 962 4473 Sap.
973 4407 1026 4456 vet.
1056 4399 1284 4478 interpretantur
1303 4391 1457 4472 informem
1476 4405 1557 4447 ierus

343 4489 517 4560 materiam,
541 4491 691 4547 uariarum
699 4490 870 4566 formosum
889 4489 1108 4572 susceptibilem.
