3258 5258
349 319 420 375 102
602 327 607 338 “
673 313 708 372 P.
729 315 854 373 ovmn
872 313 1035 372 NASONIS

255 437 380 518 Hanc
400 434 558 516 utinam
571 461 736 544 possem
755 433 867 516 vobis
885 427 1135 514 memorare!
1156 431 1247 512 siue
1265 429 1352 514 ullo
1377 428 1460 547 519

257 545 415 630 Ordine
433 575 545 630 nuuc
557 554 735 657 repetam
752 582 760 624 :
776 575 855 625 neu
869 546 1002 654 louga'
1015 545 1190 654 ambage
1211 537 1344 625 masur
1360 571 1461 644 uos,·

257 657 367 740 Ossa
386 659 575 768 cinisque
583 659 761 772 jaceat,
780 657 950 737 memori
964 684 1067 767 quos
1087 671 1220 736 mente
1238 657 1434 767 requiris.
1478 657 1481 665 ’

253 767 315 852 Et
335 785 462 880 quota
475 783 578 880 pars
596 773 665 853 illi
679 798 812 852 rerum
827 770 984 880 periise
1001 764 1212 849 mearum!

252 881 364 963 Dira
384 882 472 964 lues
491 884 558 967 ira'
569 883 739 993 populis
757 883 937 967 Junonis
957 881 1128 992 iniquae

251 993 411 1076 Incidit
428 1024 585 1080 exosae
604 995 744 1078 dictas
762 995 955 1102 apellius
967 1010 1111 1075 terras.
1139 1051 1146 1064 -
1194 1033 1197 1039 ·

250 1104 367 1188 Dum
384 1108 524 1190 uisum
542 1107 713 1194 mortale
731 1108 905 1204 malum,
924 1121 1144 1216 tantaeque
1162 1105 1317 1186 latebat
1376 1101 1458 1188 525

255 1217 415 1302 Caussa
433 1249 587 1304 nocens
605 1217 744 1304 cladis
758 1281 770 1313 ,
783 1209 1018 1331 puguatum
1036 1233 1097 1298 est
1115 1234 1205 1298 arte
1223 1215 1430 1300 medendi.

249 1331 450 1418 Exitium
467 1335 686 1445 superabat
703 1361 838 1441 opem;
858 1360 963 1440 quae
982 1332 1091 1414 uicta
1105 1329 1289 1439 jacebat.

251 1445 468 1556 Pu'ucipio
486 1448 646 1532 coelum
663 1445 804 1554 spissa'
823 1443 1007 1556 caligine
1026 1458 1159 1524 terras

299 3559 361 3629 519.
384 3557 456 3636 Siuq
474 3557 540 3615 uiis.
560 3563 630 3616 Siue
650 3561 710 3616 ulio
730 3565 880 3638 proamio.
1284 3624 1287 3632 ,

298 3653 361 3705 520.
381 3653 475 3728 Longa
496 3651 622 3728 ambigi.
643 3655 797 3731 Superflua
818 3655 960 3711 oratioue.
982 3656 1052 3710 Cum
1071 3655 1193 3710 Iunonis
1212 3657 1259 3711 ira
1278 3657 1402 3731 AEgiuae
1420 3658 1485 3716 im.

240 3743 323 3800 calae
342 3735 505 3817 pestiliatia
532 3743 658 3816 fuissent
691 3751 855 3823 absumpti,
887 3749 992 3802 AEacus
1012 3748 1126 3802 iovem*
1142 3755 1255 3822 patrem
1274 3753 1412 3824 rogauit,
1433 3755 1465 3804 ut

240 3844 293 3890 aut
312 3837 367 3892 sibi
386 3837 522 3912 populum
554 3857 637 3894 suum
656 3844 839 3907 restitueret,
871 3853 925 3894 aut
952 3857 983 3895 se
1003 3853 1114 3916 quaque
1146 3843 1205 3894 uita
1224 3843 1360 3912 privaret.
1394 3847 1466 3899 Cum

238 3937 335 3983 autem
354 3947 489 4004 maguam
499 3927 696 4004 formicarum
716 3932 927 3990 multitudinem
954 3935 984 3988 in
1003 3942 1118 3990 uetusta
1139 3949 1246 4008 quercu
1265 3935 1394 4004 uidisset,
1413 3941 1465 3994 Jo-

239 4037 298 4074 vem
318 4023 446 4094 rogavit,
468 4029 499 4076 ut
513 4023 566 4077 sibi
586 4031 628 4077 tat
642 4026 734 4090 ciues,
755 4035 824 4102 quot
843 4025 913 4080 iliae
923 4023 1074 4099 formicae
1092 4031 1177 4079 urant
1198 4025 1372 4082 concederet.
1391 4031 1464 4103 Jup-

239 4113 317 4184 piter
336 4129 402 4166 vero
421 4113 505 4166 AEaci
521 4114 654 4188 precibus
676 4125 781 4184 motus,
802 4125 941 4194 quotquot
952 4113 1102 4190 formicae
1121 4118 1150 4169 iu
1163 4113 1216 4169 itta
1236 4133 1342 4192 quercu
1362 4130 1464 4184 eraut,

238 4204 267 4257 iu
287 4201 412 4260 homiues
431 4209 636 4273 castsmutavit,
657 4207 758 4283 quibus
772 4211 875 4266 AEacus
895 4212 956 4284 ipse
974 4226 1064 4285 agras
1083 4207 1193 4264 diuisit.

297 4293 359 4364 524.
381 4293 499 4350 Exosae.
521 4299 657 4372 AEgiaum
692 4297 817 4355 insulam
847 4320 867 4355 a
886 4299 989 4375 pellice
1008 4317 1093 4378 quam
1114 4297 1218 4355 aderat
1236 4297 1465 4367 denominatam,

239 4401 314 4440 vers.
332 4389 398 4458 474.
422 4405 521 4461 supra.
