3186 5268
428 341 478 426 7⁰
762 335 797 394 r.
817 331 1127 396 ovmuuusosts

340 457 591 568 Idaeumque
609 479 770 552 nemun,
789 480 871 566 quta
889 451 1113 560 natifurta
1121 449 1346 563 juvencum

344 569 543 652 Occuluit
563 567 689 650 Liber
693 563 809 676 falsi
823 567 899 646 suh
917 566 1101 676 imagine
1120 565 1244 650 ceni.
1476 559 1549 648 360

339 681 517 874 guoque
530 695 653 790 pater
672 677 852 788 Corythi
861 689 998 785 parra
1019 675 1248 758 tumulatur
1263 679 1420 762 arena‘:

386 811 401 873 t
421 822 523 904 quos
542 791 696 874 Maera
715 817 818 872 nouo
837 789 994 871 latratu
1011 789 1157 870 ternsit
1174 815 1316 902 agros.

396 904 692 1016 Eurypylique
711 903 861 995 urbem,
880 931 963 1013 qua
985 900 1095 987 Coae
1113 929 1272 983 cornua
1291 916 1445 984 matres

342 1015 586 1110 Gesserunt,
605 1021 688 1098 tum
708 1018 830 1125 quium
851 1012 1083 1096 discederet
1101 1013 1297 1095 Herculis
1315 1043 1488 1128 agmen:
1581 1039 1582 1086 ἰ

338 1128 645 1240 Phoebc⁴arnque
663 1125 864 1219 Rhodon,
883 1143 923 1207 et
940 1126 1126 1238 Ialysios
1146 1124 1391 1226 Telchinas,
1474 1123 1549 1212 365

343 1241 527 1350 Quorum
548 1240 691 1322 oculos
709 1239 800 1348 ipso
819 1238 1020 1320 vitiantes
1040 1239 1180 1322 amnia
1201 1239 1290 1321 visu

337 1351 527 1462 Juppiter
542 1379 698 1432 exosus
711 1411 723 1443 ,
733 1352 940 1458 fraternis
957 1349 1144 1433 subdidit
1163 1347 1303 1432 unciis.

395 1463 565 1551 Transit
583 1481 621 1546 et
640 1465 837 1572 antiquae
859 1460 1054 1546 Cartheia
1073 1463 1236 1544 moenio
1259 1459 1395 1558 Ceae,

389 1967 452 2037 359.
463 1965 637 2041 Idaeumque
657 1983 765 2021 nemus.
781 1963 849 2021 Idas
873 1963 949 2020 duas
974 1981 1036 2022 esse
1058 1973 1167 2022 certum
1193 1973 1260 2034 est;
1284 1963 1411 2023 alteram
1435 1968 1466 2021 in
1498 1968 1552 2020 Cre·
1580 1959 1582 2003 ἕ

330 2067 383 2124 ta,
405 2059 532 2114 alteram
559 2062 589 2114 in
612 2056 763 2131 Phrygia:
784 2057 822 2112 cie
849 2057 979 2131 Phrygia
1004 2076 1080 2114 nunc
1102 2057 1216 2112 uidetur
1239 2059 1329 2132 poi'ta
1360 2059 1477 2115 sentire.
1496 2059 1550 2128 Quo
1581 2073 1582 2076 ’

332 2149 389 2204 nati
408 2149 492 2204 lucu.
505 2147 656 2223 Thyoneus
680 2146 786 2202 Bacchi
800 2147 886 2221 Jilius
905 2147 1058 2222 juvencum
1082 2147 1397 2224 Phrygiispnstorihus
1409 2147 1550 2224 abegerat

326 2257 475 2295 eumcum
495 2249 627 2312 pastores
645 2247 902 2312 persequerentur,
923 2237 1053 2294 Bacchus
1078 2239 1243 2312 leoaeurn
1266 2237 1377 2312 quidem
1409 2241 1439 2292 in
1452 2245 1552 2294 venato-

328 2349 409 2394 rem,
430 2331 587 2404 y'uueucum
607 2347 673 2383 vero
692 2333 722 2384 in
741 2347 856 2385 ceruum
878 2333 1041 2385 convertite
1061 2331 1139 2406 quad
1158 2347 1222 2385 cum
1244 2333 1343 2386 rustici
1362 2329 1513 2397 vidissent,
1534 2332 1550 2379 t

329 2419 526 2496 persequenda
547 2419 684 2496 Thyoneo
699 2419 879 2475 destiterunt.
904 2418 1033 2494 Thyonei
1051 2425 1139 2478 etiam
1159 2423 1236 2476 Acro
1249 2423 1372 2477 memirut
1393 2423 1425 2474 in
1448 2417 1546 2492 spade
1579 2423 1582 2454 l

331 2509 350 2564 l.
367 2527 459 2564 usar.
473 2509 607 2576 horatii,
624 2509 716 2582 filium
735 2509 841 2564 Bacchi
853 2508 992 2578 dicens,
1014 2520 1128 2584 patrem
1152 2512 1292 2568 Thoantis
1304 2510 1391 2586 ‚ey'us
1417 2515 1466 2587 qui
1490 2512 1546 2584 liip-

330 2599 443 2673 sr'pylen
462 2601 579 2673 genuit,
599 2615 790 2674 regnasseque
809 2602 837 2654 ir.
857 2600 953 2655 insula
974 2599 1053 2656 Chio.

385 2693 450 2744 361.
461 2691 580 2765 Quaque
593 2701 674 2765 puter
687 2690 813 2766 Corythi.
827 2691 957 2767 Corythi,
975 2679 1099 2776 nepvhic
1119 2690 1245 2745 Graecis.
1257 2687 1375 2744 Paridt's
1386 2697 1416 2745 et
1431 2691 1546 2744 Oenones
1581 2681 1582 2684 ¹

329 2777 416 2847 filius.
427 2776 519 2834 Pater.
532 2778 619 2833 Paris
637 2796 676 2832 ex
695 2783 809 2835 Oenone
827 2783 950 2856 suscepit
971 2779 1137 2855 Corythum.
1159 2781 1250 2835 Tacta.
1261 2781 1291 2833 in
1310 2777 1453 2854 Lycophr.
1474 2779 1548 2834 Paris

331 2876 428 2924 autem
447 2871 477 2924 in
498 2869 619 2926 Cehrina
638 2867 778 2945 oppidula
799 2873 925 2928 Troadis
942 2873 1074 2947 sepultus
1093 2869 1388 2928 est.Strabottt.1t.

387 2965 451 3018 ³62.
463 2963 565 3017 Maera.
575 2961 747 3038 infiguram
760 2965 841 3020 canis
852 2981 990 3020 conuersa
999 2986 1006 3017 :
1014 2963 1077 3032 lah.
1090 2967 1183 3018 minus
1195 2964 1275 3019 trita.

379 3053 444 3108 Fau.
466 3055 502 3108 X.
515 3055 567 3108 Xl.
579 3055 647 3110 tttt.
668 3057 732 3110 Coa
749 3073 881 3109 aarum
900 3076 929 3110 m
948 3073 1047 3120 rores,
1070 3075 1103 3107 er
1123 3057 1228 3108 leusru
1248 3075 1277 3110 m
1296 3073 1429 3109 sacratos.

296 3213 299 3220 Ι
383 3148 447 3200 363.
460 3147 589 3202 Cusedn
608 3163 711 3202 vaccas
729 3152 860 3201 mutatae
879 3147 900 3200 ὰ
918 3147 1030 3202 Junona
1041 3185 1051 3212 ,
1072 3156 1103 3202 ut
1123 3145 1208 3212 aliia
1225 3153 1340 3200 Venere.
1357 3144 1542 3224 Eurypylique

327 3235 437 3292 urbem.
449 3237 618 3311 Eurypylus
637 3237 769 3293 Herculis
780 3236 847 3312 suit
862 3237 943 3312 filius
954 3277 964 3304 ,
984 3241 1033 3315 qui
1052 3241 1081 3294 in
1103 3243 1144 3293 Co
1163 3237 1258 3293 insula
1278 3240 1414 3314 regnauit
1425 3278 1434 3305 ,
1461 3254 1545 3314 augur

326 3329 523 3398 peritissimus.
533 3329 595 3400 Qua
616 3328 706 3383 Caere
727 3347 834 3384 cornua
855 3341 966 3385 matres.
980 3333 1036 3386 Cos
1054 3327 1149 3385 insula
1168 3337 1212 3384 est
1230 3329 1351 3404 Egon,
1374 3332 1467 3406 aqua
1479 3331 1544 3382 Cous

324 3416 492 3483 derivatur,
514 3433 571 3471 non
592 3419 701 3483 Caeus,
723 3419 798 3474 unde
819 3422 897 3474 Coae
915 3419 984 3475 mihi
1002 3419 1153 3495 legendum
1172 3418 1294 3478 uidetur.
1305 3419 1446 3475 Mulieres
1459 3427 1544 3474 autem

324 3511 402 3562 Coae
421 3523 486 3562 curn
505 3526 594 3584 aegre
603 3507 720 3582 jerrent
740 3509 779 3565 ah
797 3509 922 3568 Hercule
940 3521 1072 3567 armenta
1095 3513 1225 3586 Geryoni
1249 3520 1350 3586 erepta
1380 3530 1435 3586 per
1463 3523 1541 3584 agros

320 3616 387 3654 suos
398 3597 497 3672 juisse
516 3607 609 3666 acta,
627 3601 736 3656 Iunoni
755 3601 891 3658 dicuntur
910 3605 1097 3662 conuiciatae.
1109 3606 1208 3678 Quare
1226 3605 1304 3660 Juno
1323 3601 1487 3680 indignata,
1498 3619 1540 3656 ear

320 3709 415 3747 amnes
434 3694 464 3745 in
485 3709 591 3748 uaccas
611 3693 838 3769 tranyigmavit.

377 3787 440 3856 364.
453 3785 594 3842 Herculis.
604 3789 639 3841 In
660 3790 701 3846 Co
719 3787 815 3842 insula
835 3789 931 3844 urbem
950 3791 1145 3864 cognominem
1176 3793 1358 3866 expugnauit
1390 3789 1539 3850 Hercules.

318 3891 403 3929 caeso
422 3877 598 3950 Eurypylo‚
618 3877 801 3954 abductaque
815 3879 881 3954 filia
903 3880 968 3954 ey'us
990 3880 1154 3956 Chalciope.

375 3969 439 4022 365.
451 3965 679 4043 Phoebeamque.
690 3973 750 4027 Lib.
762 3977 788 4043 4.
799 3991 870 4028 vers.
884 3980 946 4045 204.
957 3971 1187 4049 Ialysios.1alysi
1207 3991 1273 4048 opp.
1301 3975 1331 4028 in
1362 3971 1464 4030 Rhoda
1493 3975 1537 4025 ins.

316 4054 447 4122 incolas,
469 4057 595 4133 artifices
617 4063 747 4133 peritos,
766 4061 817 4117 sed
827 4060 1050 4132 fascinatores,
1071 4081 1142 4140 quos
1162 4065 1192 4117 in
1210 4065 1334 4118 Junanis
1354 4063 1460 4130 odium,
1472 4059 1538 4118 mari

316 4147 465 4204 submersit
484 4153 607 4225 Jupiter.
637 4153 757 4210 Diodor.
783 4155 830 4212 lih.
861 4161 888 4212 6.
917 4155 1138 4234 Phoebeamque
1171 4157 1302 4214 Rhodon.
1321 4155 1451 4231 ‘Phoelro
1482 4171 1540 4210 con·

315 4250 469 4297 secratnm.
625 4245 628 4252 ’

372 4333 436 4386 368.
447 4331 595 4390 Cartheia.
607 4335 733 4394 Carthea
754 4353 811 4393 una
832 4349 875 4396 est
895 4359 932 4396 aa
952 4349 1079 4416 quatuor
1111 4339 1225 4396 urlrilrus
1257 4343 1334 4396 Ceae
1363 4341 1494 4408 insulae,
1520 4337 1538 4390 ἁ

314 4421 462 4480 Carthaea
482 4425 521 4481 ilu'
539 4438 653 4490 mortuo
670 4433 885 4506 cognominata.
907 4434 1055 4494 Carthaea
1075 4436 1143 4493 item
1165 4433 1231 4492 urlrs
1249 4441 1292 4492 est
1311 4433 1447 4496 Iberiae..
