3258 5258
343 401 347 409 ’
424 384 500 469 333
753 407 1119 468 1›.ovtonntsos1s

339 525 505 636 anatp
506 526 683 608 nimam.
675 527 782 712 (μα’
799 543 837 607 te
846 525 1038 636 feli'otter
1053 525 1206 624 attala,
1228 522 1375 608 Earas
1450 575 1458 586 ·

333 636 469 752 (Ean
467 667 510 718 33
528 639 636 718 enine
655 637 875 746 attulerat)
886 640 1020 746 faerit
1039 655 1222 718 mutatas
1240 639 1286 719 in
1305 640 1503 722 Aristeas.

392 751 567 834 Taltlna
585 769 708 864 atque
727 783 754 833 a
757 753 827 833 liis
845 754 1016 863 longam
1035 751 1290 833 sermonibus
1308 752 1375 832 illi
1462 751 1536 838 663

332 865 523 973 Implern⁴
520 897 563 944 re
580 863 715 962 aaa·
735 865 843 948 lacis
855 893 957 975 pars
977 864 1123 945 nltima
1142 892 1307 946 mensae

334 975 418 1060 Est
439 978 569 1068 (lata,
590 1007 680 1060 nox
699 981 865 1062 somnz's
885 978 1027 1063 labar
1042 1006 1193 1059 3333333333
1211 976 1421 1059 extulerat
1440 979 1536 1075 Sol,-

333 1088 486 1172 Flebat
506 1090 583 1171 aall
578 1121 646 1173 3333
668 1091 831 1182 Enna,
850 1090 1114 1200 retlttarapne
1132 1091 1230 1170 vela
1249 1091 1422 1173 tenebat.

334 1203 414 1284 Aa
433 1202 514 1312 Cep
516 1203 655 1284 balam
675 1207 872 1286 Pallante
890 1206 986 1302 soti,
1006 1233 1074 1285 ent
1071 1201 1442 1314 grandthraetas
1462 1203 1544 1290 665

333 1315 414 1396 Ad
429 1345 564 1428 regent
587 1315 811 1426 Cephalus,
830 1317 959 1398 simiel
974 1334 1013 1397 et
1033 1291 1227 1396 Pallante
1247 1319 1381 1398 creati
1447 1372 1455 1382 -

339 1423 616 1528 &inornatam
635 1430 713 1512 seal
728 1429 806 1511 adt
802 1458 871 1510 etta
889 1457 1023 1541 regem
1044 1435 1169 1537 sopo'r
1184 1428 1297 1510 altas
1315 1431 1502 1524 babebat

332 1537 380 1632 Ic
356 1543 518 1664 apion
537 1543 895 1636 AEaer·des1··ttos
877 1571 920 1624 nt
942 1543 1083 1626 lemine
1103 1541 1293 1637 Piraeon·

378 2910 442 2968 Fae.
464 2911 571 2968 xxvt.
591 2914 662 2988 Arg.
686 2912 828 2978 Talibus,
846 2919 900 2966 etc.
922 2907 1112 2988 Cephalusde
1131 2907 1214 2968 donis
1234 2908 1452 2989 interrogatos,
1470 2909 1555 2970 restra

321 3002 444 3064 invinent
468 3003 553 3061 Aeaci
565 3003 623 3060 filio
645 3004 739 3062 Phoco
752 3003 787 3060 de
801 3002 937 3067 Procride
956 3005 1092 3080 conjuge,
1102 3015 1134 3062 et
1156 3023 1208 3062 cur
1219 3015 1269 3061 aut
1283 3002 1360 3062 nude
1375 3003 1464 3062 telana
1479 3025 1558 3082 gere·

320 3112 372 3156 r·.et
393 3099 464 3154 Nam
477 3117 542 3154 cnm
556 3097 584 3153 in
605 3109 699 3154 monte
719 3097 858 3172 Hymetto
880 3097 993 3160 Atticae
1012 3097 1138 3173 regionis
1159 3109 1323 3168 venaretur,
1335 3097 1373 3155 ab
1393 3103 1505 3156 Aurora
1513 3097 1556 3155 ob

320 3191 445 3260 33331333
458 3203 555 3268 raptus
569 3201 625 3247 3333
646 3209 731 3265 quem
753 3201 784 3244 nt
803 3187 939 3278 consperit
952 3191 1028 3244 Deae
1042 3188 1182 3246 Procridis
1196 3189 1297 3272 prioris
1309 3191 1445 3270 conjugio
1461 3191 1558 3270 inupti·-

320 3281 436 3337 citumi
453 3301 482 3336 se
503 3279 575 3338 aelle
587 3279 706 3346 (1333333
719 3278 806 3345 serit,
821 3289 855 3334 nt
868 3269 975 3334 motata
995 3279 1089 3358 specle
1109 3277 1242 3336 remissos
1262 3279 1409 3358 Cephalus
1426 3279 1557 3338 Athenas

320 3373 523 3441 contenderet,
536 3385 643 3428 utearn
665 3346 797 3450 pollicitis
812 3371 1195 3446 muneribuaqnetentaret,
1209 3392 1244 3429 an
1269 3373 1436 3450 pudicitiam
1457 3393 1554 3451 puram

318 3467 405 3544 possit
416 3483 536 3523 3333333.
551 3463 709 3522 plurimis
701 3475 798 3537 neque
812 3461 943 3520 rebusad
957 3483 1040 3524 33333333
1054 3463 1242 3524 foeminarum
1256 3463 1437 3543 comparatis,
1449 3463 1556 3542 quihus

318 3557 382 3636 capi
401 3567 513 3635 posset,
532 3554 642 3612 fallacia
663 3566 788 3611 mentem
820 3553 939 3626 elicuit5
959 3553 1036 3631 quod
1056 3567 1087 3612 ut
1107 3555 1155 3612 1113
1176 3556 1334 3634 comperit,
1354 3578 1370 3613 a
1392 3559 1497 3614 marito
1523 3576 1554 3614 se

316 3665 377 3704 esse
391 3648 556 3723 deceptam,
569 3647 676 3723 pudore
702 3644 836 3701 exterrita
855 3655 888 3700 ut
907 3657 1093 3722 conspectum
1119 3649 1183 3720 ejus
1202 3647 1290 3704 vitare
1312 3645 1412 3724 possit,
1432 3645 1498 3704 altis
1523 3665 1554 3702 aa

317 3739 476 3796 recondidit
489 3737 616 3796 saltibus.
630 3737 773 3815 Cephalus
796 3748 889 3794 autem
902 3735 1005 3793 cruoris
1017 3736 1210 3814 impatientia,
1229 3757 1293 3796 cum
1313 3741 1374 3814 rjus
1394 3738 1553 3798 absentiam

315 3831 390 3891 13333
402 3851 460 3888 non
475 3844 584 3910 posset,
603 3831 735 3908 precibus
749 3829 926 3906 impetravit,
947 3840 979 3885 ut
998 3828 1032 3885 od
1053 3849 1083 3886 se
1107 3831 1230 3888 rediret.
1254 3849 1430 3907 reversaque
1451 3850 1552 3888 ennean

316 3924 344 3979 ei
360 3923 438 3980 dedit
451 3923 657 3982 velocissimum
670 3921 831 3997 etjoculurn
844 3921 1017 3986 inevitabile,
1029 3922 1107 3997 quod
1120 3943 1268 3999 nunqnam
1281 3923 1387 3982 11333333
1399 3927 1552 3996 jaceretur.

373 4019 439 4070 ona.
451 4015 544 4070 Lucis·
560 4015 624 4068 Diei
642 4031 714 4087 pars
731 4016 838 4088 rnap'or.
868 4013 936 4074 Pars
952 4011 1058 4068 ultimo
1079 4012 1155 4074 Naar
1174 4013 1303 4092 prandia
1316 4016 1469 4072 vetustiori
1480 4031 1553 4072 nevo

317 4122 435 4180 prorsas
454 4107 566 4178 ignota.

373 4201 437 4253 665.
457 4196 585 4252 Pallante
605 4194 668 4251 3331.
684 4195 833 4252 Pallantis
845 4195 1026 4252 Atheniensis
1037 4193 1101 4270 filit
1112 4195 1170 4251 dno
1184 4195 1287 4270 Clyltts
1310 4205 1340 4253 el
1358 4199 1458 4264 arares,
1476 4199 1551 4252 Pan-

315 4287 408 4349 dionis
420 4291 496 4365 regis
509 4298 642 4363 nepotes3
661 4287 815 4362 legationis
835 4292 906 4345 socii
920 4287 1095 4363 Ceplrnlana,
1120 4297 1193 4344 neta
1215 4299 1336 4366 atroque
1359 4289 1551 4365 grandensem

316 4397 399 4438 mnne
418 4377 568 4434 accedunt.
590 4379 643 4434 ttte
663 4396 727 4432 333333
747 4379 849 4434 iisdem
869 4397 965 4455 regem
984 4377 1146 4437 salutatum
1165 4377 1257 4440 vadit.

371 4476 439 4532 o'on.
461 4469 506 4528 Ao
523 4489 625 4550 rogem·
649 4471 697 4528 Ati
711 4473 843 4533 AEarnnt.
